2790 4792
596 438 794 504 ..108-

182 600 269 647 eum.
297 582 343 648 De
371 581 437 647 alio
456 582 589 647 nomine
610 579 697 666 quod
720 601 773 646 me
793 579 1025 665 interrogasti,
1052 578 1219 642 Parasce-

180 716 255 762 vem
268 695 373 775 dicor,
390 698 468 782 quia
486 697 606 784 inipso
625 697 678 762 die
697 697 778 764 vicit
799 697 885 761 Deus
900 693 1060 760 mundum
1077 717 1085 773 ;
1104 698 1138 761 et
1159 712 1219 779 ego

181 812 337 879 similiter
351 832 411 899 per
427 833 547 878 nomen
566 813 638 898 ejus
657 814 766 890 vince,
784 810 898 877 sedab
916 811 993 876 aliis
1008 830 1076 875 non
1088 811 1217 876 vincor.

182 927 367 1014 Respondit
387 949 447 995 rex
473 933 507 996 et
525 929 596 996 ait:
615 928 718 1003 Quem
737 929 840 992 Deum
865 925 1013 993 adoras?
1034 924 1222 1011 Respondit

180 1047 276 1132 virgo
291 1066 299 1110 :
314 1046 385 1132 Ego
400 1044 502 1110 adoro
516 1065 615 1110 unum
632 1045 735 1110 Deum
752 1063 881 1113 verum,
896 1042 1033 1109 Patrem
1047 1046 1081 1108 et
1099 1042 1222 1106 Filium

181 1165 216 1227 et
235 1160 584 1247 Spiritum-Sanctum.
607 1159 794 1248 Respondit
812 1179 893 1225 rex:
919 1157 987 1224 Cur
1012 1176 1080 1223 non
1102 1156 1146 1222 ab
1160 1158 1223 1222 hac

183 1276 333 1343 stulticia
361 1275 517 1342 recedis?
540 1276 654 1342 Adora
688 1277 774 1342 Deos
811 1295 915 1342 meos.
949 1276 1085 1340 Venera
1115 1273 1220 1339 dixit:

182 1391 351 1466 Quomodo
368 1390 515 1457 adorabo
531 1391 610 1457 deos
625 1398 713 1470 tuos,
733 1392 789 1477 qui
807 1390 926 1458 flatum
941 1410 1008 1455 non
1024 1388 1155 1455 habent
1164 1409 1224 1455 nec

184 1509 337 1595 spiritum
366 1513 399 1574 et
425 1507 580 1573 manibus
603 1508 775 1574 hominum
796 1506 879 1574 facti
905 1510 984 1573 sunt
1004 1525 1047 1571 ex
1066 1504 1171 1591 lignis
1190 1509 1222 1571 et

140 1623 376 1710 polapidibus?
392 1625 488 1690 Muta
502 1629 536 1690 et
557 1623 659 1689 surda
676 1628 766 1702 sunt,
788 1629 822 1691 et
834 1623 991 1689 demones
1015 1604 1178 1708 loquutur
1190 1622 1223 1686 in

187 1740 266 1818 illis,
290 1746 324 1806 et
338 1760 466 1818 omnes,
485 1741 541 1826 qui
557 1740 697 1807 credunt
718 1742 828 1818 ineis,
851 1738 1020 1826 peribunt.

226 1859 259 1936 rt.
283 1855 429 1921 Pulchra
450 1853 547 1921 facie.

230 1972 334 2035 Lectio
354 1981 483 2054 coorto.
509 1971 602 2037 Dixit
618 1991 680 2037 rex
701 1970 743 2036 ad
765 1971 954 2058 virginem:
972 1971 1056 2036 Juro
1079 1969 1144 2036 tibi
1167 1988 1226 2055 per

184 2085 395 2152 Anthemium
423 2090 457 2152 et
483 2086 672 2172 Apollinem
703 2091 737 2154 et
765 2086 957 2165 Herculem,
988 2085 1075 2171 quod
1105 2088 1224 2151 sinon

185 2200 380 2267 adoraveris
400 2200 479 2267 deos
496 2221 599 2280 mooe,
613 2202 746 2268 tradam
765 2207 799 2268 te
819 2202 853 2265 in
866 2222 968 2267 manu
982 2203 1116 2268 mortis.
1141 2203 1226 2268 Res-

184 2315 302 2403 pondit
317 2317 413 2403 virgo
431 2339 438 2382 :
461 2317 488 2382 Ο
503 2317 579 2382 rex!
599 2317 731 2403 qualem
748 2317 930 2383 stulticiam
947 2317 1077 2396 dixisti,
1093 2322 1133 2385 ut
1146 2318 1229 2384 ado·

185 2453 254 2498 rem
285 2433 455 2511 demones,
477 2453 559 2519 quos
587 2439 625 2500 tu
647 2432 769 2498 adoras
798 2433 832 2496 in
860 2431 1086 2518 perdicionem
1115 2433 1227 2498 anime

184 2548 268 2614 tue?
288 2551 358 2636 Ego
382 2570 449 2615 non
470 2550 569 2616 credo
590 2551 624 2613 in
642 2550 745 2615 alium
765 2549 831 2612 nisi
852 2549 887 2613 in
907 2568 1010 2613 unum
1035 2550 1142 2614 Deum
1167 2570 1227 2616 ve-

184 2686 268 2746 rum,
294 2667 349 2751 qui
367 2665 522 2730 extendit
538 2665 627 2729 celos
640 2670 674 2731 et
689 2670 817 2732 terram
832 2667 1007 2729 mensurat
1021 2663 1135 2749 palmo
1154 2684 1225 2741 sun,

137 2782 242 2866 20qui
275 2781 456 2866 plasmavit
487 2782 632 2866 primum
661 2782 830 2846 hominem
857 2779 966 2846 Adam
991 2784 1025 2846 et
1054 2780 1162 2846 Evam
1196 2785 1229 2847 et

187 2897 301 2962 omnia
320 2897 509 2962 animancia
533 2917 595 2983 que
619 2901 698 2963 sunt
724 2899 759 2962 in
779 2902 885 2964 terra.
903 2896 947 2962 Et
962 2900 1012 2974 tu,
1038 2897 1224 2973 insensate,

187 3013 350 3099 quomodo
365 3014 473 3079 credis
489 3015 524 3078 in
541 3014 741 3099 Apollinem,
758 3012 940 3100 quiperdit
957 3012 1080 3079 cotidie
1097 3015 1228 3078 animas

188 3129 369 3196 multorum
382 3135 416 3196 et
429 3134 523 3196 tuam
539 3131 684 3196 animam
700 3131 773 3196 vult
782 3131 849 3196 cito
866 3128 1017 3215 perdere,
1035 3129 1064 3193 si
1078 3129 1147 3195 cito
1163 3149 1228 3194 non

190 3248 372 3312 revertaris
397 3245 438 3312 ad
463 3249 566 3312 Deum
580 3267 708 3312 verum.
731 3246 795 3313 Sed
813 3237 992 3332 antequam
1007 3250 1180 3312 tormenta
1198 3251 1230 3311 te

189 3362 388 3448 percipiant,
406 3363 515 3439 crede,
533 3362 648 3440 adora,
666 3367 700 3429 et
720 3362 821 3428 lauda
841 3367 992 3429 sanctam
1008 3362 1155 3426 Mariam
1167 3363 1231 3428 vir·

190 3479 313 3564 ginem,
332 3479 390 3542 Dei
404 3480 614 3565 genitricem,
637 3482 778 3544 matrem
800 3479 873 3544 veri
897 3477 1046 3555 luminis
1064 3498 1133 3543 non
1153 3478 1230 3542 Dia-

191 3614 269 3660 nam
285 3616 348 3681 que
367 3599 419 3660 est
433 3599 542 3661 mater
561 3594 803 3659 demoniorum.
821 3595 914 3657 Tunc
937 3591 1052 3658 furore
1068 3594 1229 3679 repletus,

190 3712 347 3778 tirannus
363 3710 450 3776 dixit
468 3709 702 3775 carnificibus:
723 3712 904 3796 Amputate
924 3710 953 3773 ei
980 3709 1185 3775 mammillas
1200 3714 1232 3775 et

191 3825 291 3891 facite
312 3827 447 3891 archam
470 3832 504 3892 et
519 3827 644 3892 mittite
664 3827 699 3889 in
718 3845 901 3902 carcaram,
919 3830 956 3891 ut
974 3825 1097 3889 ibidem
1126 3831 1232 3891 morte

143 3955 180 4018 30
192 3944 389 4027 turpissima
417 3944 591 4009 moriatur.
614 3944 719 4008 Beata
735 3944 832 4028 virgo
850 3941 1101 4008 conducebatur
1113 3944 1149 4007 in
1166 3962 1234 4007 car·

194 4077 326 4136 cerem;
347 4058 504 4123 mulieres
525 4059 704 4124 veniebant
724 4063 758 4124 et
781 4055 1057 4123 lamentabantur
1080 4070 1166 4124 eam.
1191 4059 1233 4122 At

17 4290 116 4516 ἱ
