2782 4786
339 664 460 713 MENSIS
483 663 676 713 NOVEMBRIS
699 663 811 713 nnssur
836 665 910 712 DIES
932 664 1006 712 XXX

203 831 232 895 l.
249 863 292 880 -
308 826 482 893 Kalendm.
505 863 548 873 -
561 826 744 893 Festivitas
764 824 1148 893 Omnium-Sanctorum.

201 945 290 1012 Obiit
309 945 505 1020 Garnerius,
531 941 699 1021 saeerdOS,
714 961 775 1029 pro
790 963 853 1028 quo
869 941 967 1010 debet
980 946 1112 1020 centor,
1134 963 1191 1007 su-

157 1081 217 1147 per
239 1062 371 1126 vineam
388 1060 429 1125 de
449 1059 580 1138 Grevis,
602 1059 639 1123 iii
665 1080 693 1125 s.
715 1081 748 1144 p.

190 1177 288 1226 Cantor.

200 1266 283 1331 Item
309 1264 391 1330 obiit
421 1264 622 1351 Stephanus,
658 1263 774 1347 laicus,
803 1283 953 1351 proquo
983 1261 1080 1330 debet
1105 1261 1191 1328 idem

157 1386 288 1458 cantor,
305 1401 404 1468 super
416 1381 540 1448 dictam
563 1381 710 1460 vineam,
727 1381 763 1446 iii
781 1401 808 1447 s,
825 1403 858 1467 p.

199 1498 269 1565 Ista
286 1497 351 1575 die,
374 1518 434 1584 pro
453 1498 684 1566 anniversario
702 1497 886 1584 Regnardi,
917 1497 1078 1573 cantorie,
1104 1493 1191 1581 quod

153 1613 193 1681 fit
210 1615 244 1679 in
258 1614 432 1691 tannarie,
456 1633 555 1699 super
567 1617 695 1680 terram
706 1613 807 1700 juxta
823 1618 933 1680 ortum
950 1611 1185 1686 Sancti-Petri,

156 1729 333 1809 debentur,
353 1751 376 1795 x
393 1750 421 1796 e.
437 1734 462 1796 t.

184 1855 275 1902 Relicta
290 1855 402 1902 defuncti
414 1855 550 1902 Marchunt.

186 1946 256 1991 Celet
272 1948 296 1991 le
312 1946 407 1991 Mottte.

199 2045 271 2109 Iste
285 2043 351 2120 die,
368 2041 533 2110 debentur
549 2041 636 2129 apud
649 2040 888 2126 Salignbmum,
908 2059 1007 2127 super
1026 2038 1191 2107 heredita·

156 2161 225 2225 tem
246 2156 371 2223 domini
390 2159 483 2225 Petri
498 2157 538 2223 de
559 2157 770 2233 Bella-Avia,
787 2156 979 2242 presbiteri,
998 2156 1035 2221 lx
1051 2176 1078 2222 s.
1096 2161 1123 2224 t.
1152 2247 1154 2251 y

185 2273 241 2320 Milo
257 2275 286 2321 de
303 2274 417 2335 viciniis,
428 2274 574 2321 eletione-
586 2273 690 2330 Tiecem,
704 2273 767 2319 reme
780 2272 888 2320 deffunet
898 2270 985 2318 Robim
997 2272 1088 2318 Perert.

200 2363 271 2429 Ista
290 2363 355 2441 die,
369 2363 545 2442 debentur,
567 2382 666 2448 super
676 2366 775 2449 prata
789 2361 829 2425 de
845 2361 1014 2437 Bessieeo,
1032 2360 1080 2424 iiii
1095 2358 1139 2425 lb.
1158 2363 1185 2427 t.

188 2491 269 2537 Petrus
286 2492 366 2538 dictus
381 2490 505 2538 Berruiem
515 2488 578 2538 lxxii
592 2503 613 2539 s.
627 2491 645 2538 i.
663 2487 706 2550 (1).

185 2578 297 2641 michael,
315 2579 503 2626 dietusfloileeu
520 2580 550 2626 de
567 2579 708 2626 Vico-Novo
722 2577 768 2624 viii
782 2590 803 2625 e.
821 2580 841 2624 t.

200 2676 271 2743 Ista
296 2678 362 2755 die,
384 2677 547 2744 debentur
566 2697 627 2764 pro
647 2677 880 2743 anniversario
900 2677 994 2743 Petri
1016 2675 1056 2741 de
1081 2675 1190 2743 Char-

153 2794 262 2870 niaeo,
282 2794 541 2879 archiepiscopo,
558 2795 643 2876 quod
661 2797 697 2876 stt
720 2797 760 2858 tre
780 2794 938 2878 Ampurto,
960 2811 1060 2879 super
1086 2813 1187 2858 unum

155 2912 331 2992 arpentum
350 2909 446 2974 vinee
460 2910 495 2974 in
510 2909 642 2988 (trevie,
660 2931 706 2975 xx
722 2930 748 2975 S.
767 2912 794 2976 t.

188 3023 305 3074 Botemie.

188 3115 243 3159 Gile
262 3113 336 3170 Verpt
346 3113 392 3158 viti
404 3126 426 3159 e.
440 3118 457 3159 t.

189 3203 292 3249 leffrons
305 3202 411 3249 Moriens
423 3207 495 3250 tenet.

185 3294 313 3338 Jonannes
329 3292 411 3337 dictus
427 3292 547 3350 Robinue,
562 3291 731 3348 metuebantur
743 3293 833 3338 Perert
845 3296 910 3338 tenet
926 3293 951 3337 lx
966 3292 1025 3337 etxit
1042 3305 1064 3337 s.
1077 3295 1096 3336 t.

187 3382 250 3427 Item
266 3382 322 3426 Gtte
337 3383 368 3426 de
387 3381 462 3438 Verqt
475 3381 519 3426 viii
531 3394 553 3426 e.
572 3386 591 3432 t.

199 3479 269 3545 Ista
292 3478 346 3543 die
365 3477 528 3545 debentur
547 3499 606 3564 pro
632 3480 773 3566 Hugone
799 3479 839 3544 de
861 3479 1015 3561 Viciniis,
1034 3479 1128 3565 eujus
1148 3478 1187 3546 fit

157 3595 425 3659 anniversarium
456 3595 490 3659 in
514 3594 710 3680 Septembri,
738 3615 836 3681 super
861 3596 993 3661 vineam
1011 3596 1046 3660 in
1077 3595 1190 3660 Bello-

158 3710 283 3792 Monte,
303 3711 360 3776 viii
378 3730 405 3774 S.
424 3715 448 3776 t.

190 3835 340 3882 Metherinus
351 3835 484 3884 teusanus.

189 3925 311 3972 Gtrardue
323 3927 413 3983 deuon.

188 4111 221 4174 (t)
233 4115 264 4161 Le
276 4114 319 4164 Ms.
332 4116 359 4161 56
373 4114 454 4173 aJ'oute
468 4113 501 4162 ici
514 4133 519 4161 z
536 4115 629 4163 Robtne
642 4117 739 4163 Perart.
752 4140 782 4151 -
798 4114 845 4162 Th.
860 4115 962 4164 Roeiere
975 4116 1036 4163 lxxii
1047 4130 1069 4169 s.
1084 4121 1102 4162 t.
