2790 4792
602 382 779 450 ..23-

168 545 261 590 num.
285 524 340 591 Illi
364 528 475 592 autem
510 525 683 611 spongiam
708 526 840 612 plenam
866 529 979 592 acceto
1011 544 1116 611 ysopo
1141 527 1209 591 cir·
1295 585 1297 589 .

169 638 396 707 cumferentas
412 639 608 707 obtulerunt
624 641 675 706 ori
690 640 775 727 ejus,
800 639 881 706 Cum
899 644 1011 707 autem
1025 642 1210 728 accepisset

169 761 335 834 aocetum,
349 755 457 823 dixit:
475 755 747 822 Consummatum
763 759 827 822 est.
843 757 896 837 Et,
916 755 1077 822 inclinato
1085 756 1207 842 capite,

170 874 285 940 emisit
301 872 469 957 spiritum.
487 863 533 935 De
550 870 609 935 illa
622 889 719 935 sacra
735 872 875 957 spongia
890 870 1051 936 habemus
1070 871 1105 935 in
1124 889 1210 955 qua-

171 987 249 1051 dam
267 986 406 1072 capsula
419 1004 496 1051 erea
511 989 546 1051 et
563 986 763 1053 cristallina.

327 1235 370 1280 DE
394 1234 525 1283 LANOEA
548 1235 671 1283 DOMINI
695 1235 738 1282 ΕΤ
762 1234 889 1283 SANOTO
908 1234 1055 1283 LONGINO

171 1488 174 1492 -
219 1446 405 1514 Secundum
424 1447 611 1512 Iohannem
634 1447 793 1515 scribitur
817 1467 824 1510 :
847 1445 893 1512 Ut
909 1445 1066 1512 viderunt
1086 1443 1211 1511 milites

173 1563 312 1628 Jhasnm
322 1563 394 1649 jam
414 1567 582 1629 mortuum
599 1564 716 1629 lancea
730 1563 820 1629 latus
840 1564 912 1649 ejus
925 1582 1012 1628 unus
1035 1583 1073 1627 ex
1092 1562 1211 1628 militi-

174 1677 237 1742 bus
256 1676 387 1761 apernit
402 1681 436 1742 et
455 1678 613 1744 continuo
632 1678 738 1742 exivit
757 1678 896 1763 sanguis
913 1681 947 1743 et
968 1696 1065 1762 aqua.
1084 1677 1213 1762 Longi*

175 1813 239 1858 nus
252 1791 381 1858 fuitille
394 1792 449 1876 qui
461 1793 593 1857 Domini
605 1792 695 1859 latus
705 1793 824 1858 lancea
836 1793 1034 1879 perforavit,
1047 1799 1081 1860 et
1091 1791 1211 1858 exinde
1225 1803 1260 1864 10

175 1908 355 1974 sanitatem
373 1908 543 1973 oculorum
561 1909 699 1994 recepit,
723 1914 757 1975 et
772 1912 854 1976 tunc
879 1911 913 1974 in
939 1907 1110 1975 Christum
1137 1929 1213 1974 cre-

174 2022 281 2102 didit;
311 2022 353 2088 ab
378 2023 550 2108 Apostolis
576 2023 763 2090 instructus
791 2025 826 2088 in
850 2024 994 2090 Cesarea
1026 2023 1213 2110 Capadocie

174 2136 373 2223 predicavit,
396 2142 431 2203 et
443 2137 490 2202 ibi
506 2138 708 2223 martyrium
731 2139 987 2205 consummavit.
1011 2139 1095 2206 Post
1121 2158 1213 2203 mor-

175 2259 244 2320 tem
257 2253 490 2339 ipsius-preses
513 2253 661 2337 quicum
684 2251 843 2319 decollari
865 2253 1004 2331 fecerat,
1023 2255 1213 2340 penitencia

175 2373 287 2435 motus
305 2368 438 2434 veniam
461 2369 636 2454 postulans
654 2369 762 2434 visum
786 2389 883 2454 quem
905 2369 1066 2434 amiserat
1087 2370 1214 2454 recepit

176 2483 258 2551 etin
272 2484 369 2549 bonis
385 2483 540 2569 operibus
556 2482 660 2549 vitam
673 2483 795 2551 finivit.
813 2486 859 2549 De
872 2485 945 2569 ipsa
963 2488 1082 2550 sancta
1096 2485 1214 2548 lancea

175 2599 337 2664 habemus
359 2618 432 2664 cum
451 2618 548 2664 sacra
567 2599 694 2664 tunica.

517 2845 561 2894 DE
580 2847 734 2897 SYNDONE
757 2848 878 2896 DOMINI

224 3057 410 3124 Secundum
432 3059 571 3143 Lucam,
598 3061 722 3146 Joseph
744 3060 785 3125 ab
810 3060 1002 3126 Arimathia
1027 3059 1173 3126 obtinuit
1196 3079 1217 3123 a

180 3173 302 3258 Pylato
317 3192 437 3259 corpus
452 3175 470 3238 J
473 3173 557 3239 hasa
570 3179 605 3240 et
619 3174 806 3261 depositum
829 3176 971 3241 involvit
994 3176 1029 3239 in
1051 3174 1215 3260 syndone,
1227 3168 1265 3229 20

178 3288 253 3378 'Hoc
272 3287 359 3373 quod
381 3287 543 3354 habemus
566 3289 605 3355 de
622 3290 774 3376 syndone
799 3292 929 3355 Domini
953 3291 1038 3356 bone
1059 3290 1218 3354 memorie

181 3401 323 3468 domnus
337 3402 532 3483 Gaufridus,
551 3405 666 3484 abbas,
690 3409 724 3471 in
740 3426 845 3491 parua
861 3412 1024 3493 argentea
1039 3411 1073 3472 et
1088 3406 1220 3472 cristal-

181 3516 252 3582 lina
266 3518 383 3585 tabula
399 3519 480 3586 fecit
493 3523 584 3606 poni.

240 3767 283 3815 DE
307 3771 477 3820 SEPULCRO
500 3773 621 3821 DOMINI
645 3774 688 3820 ΕΤ
713 3772 992 3821 RESURRECTIONE
1015 3771 1166 3819 EIUSDEM

189 4060 191 4064 Α
230 3984 418 4060 Secundum
438 3986 624 4066 Matheum,
638 4006 780 4076 uespere
798 3984 928 4052 sabbati
949 4006 1011 4078 qne
1031 3976 1170 4063 lucescit
1189 3987 1223 4055 in
