2790 4792
564 410 739 490 ..69-

137 563 274 631 assidue
287 563 464 651 glorietur,
477 565 524 629 De
535 564 734 651 virginitate
747 562 830 629 dicit
850 563 1080 649 Augustinus:
1103 563 1184 628 Vir-

137 679 267 767 ginitas
290 682 344 745 est
368 677 481 744 carnis
505 678 713 765 incorruptio
738 699 813 744 cum
837 679 1036 765 integritate
1060 678 1184 745 mentis

137 799 276 882 propter
296 795 401 884 Deum
424 797 573 861 servata.
595 790 639 860 Et
667 793 777 860 Beda:
804 792 1067 879 Supergraditur
1083 792 1184 879 virgi·

137 909 229 974 nitas
241 904 468 974 conditionem
481 905 626 972 humane
637 908 758 971 nature
768 908 907 990 propter
919 924 1017 989 quam
1030 904 1182 970 homines

138 1020 271 1108 angelis
295 1020 540 1086 assimilantur.
567 1019 679 1106 Major
699 1023 815 1086 tamen
836 1019 980 1085 victoria
1001 1023 1052 1086 est
1073 1018 1184 1085 homi-

139 1157 219 1203 nurn
241 1155 343 1222 qnam
362 1135 570 1222 angelorum,
593 1154 672 1200 nam
693 1134 807 1220 angeli
832 1134 904 1199 sine
928 1152 1029 1199 carne
1049 1136 1179 1213 vivunt,

139 1251 296 1318 homines
326 1254 438 1318 autem
464 1248 614 1336 virgines
640 1250 675 1313 in
702 1267 803 1314 carne
828 1246 1052 1333 triumphant.
1088 1248 1183 1314 Unde

140 1367 357 1432 ieronimus:
382 1366 446 1432 Illa
461 1365 643 1452 virginitas
663 1365 777 1433 hostia
795 1363 923 1432 Christi
941 1366 993 1429 est
1008 1364 1102 1452 cnjus
1123 1384 1184 1431 nec

139 1486 289 1553 mentem
314 1481 475 1569 cogitatio
496 1501 559 1547 nec
583 1500 718 1547 carnem
742 1479 846 1546 libido
865 1479 1097 1547 commaculat.
1120 1481 1183 1555 Qui
1283 1495 1286 1504 ·

141 1598 228 1665 casti
241 1600 462 1684 perseverant
486 1597 539 1665 vel
559 1595 709 1683 uirgines
729 1599 868 1682 propter
885 1615 1033 1662 amorem
1051 1596 1183 1663 Domini
1196 1589 1232 1653 10
1285 1587 1287 1591 ⁷

141 1712 275 1800 angelis
293 1708 486 1777 efficiuntur
503 1711 651 1796 equales,
673 1709 823 1777 Castitas
843 1708 973 1777 fructus
993 1711 1107 1777 suavis
1131 1718 1184 1779 est

139 1848 205 1915 que
224 1828 374 1894 animam
394 1824 597 1893 odoriferam
628 1826 664 1890 in
693 1825 845 1891 decorem
863 1831 1063 1906 conservat;
1096 1824 1183 1891 nnde

138 1941 356 2009 Bernardns:
389 1942 515 2027 Magna
542 1944 577 2006 et
603 1939 768 2006 mirabilis
794 1941 905 2007 uirtus
935 1941 1076 2009 castitas
1104 1944 1179 2020 est3

138 2055 249 2123 forma
263 2058 317 2123 est
327 2055 475 2144 justicie,
496 2055 665 2141 speculum
682 2056 914 2134 sanctimonie,
938 2057 1049 2122 anime
1067 2056 1180 2135 decor,

137 2171 291 2257 corporis
311 2171 415 2246 nitor,
433 2173 667 2237 ornamentum
686 2170 864 2248 virtutum,
882 2171 954 2237 vita
970 2172 1179 2259 angelorum,

136 2304 262 2373 ymago
281 2284 354 2351 Dei.
377 2285 464 2352 Dicit
485 2285 718 2371 Augustinus:
748 2286 843 2351 Inter
866 2287 978 2351 omnia
995 2288 1181 2353 certamina

137 2400 411 2468 Christianorum
435 2397 574 2464 duriora
605 2403 685 2465 sunt
711 2400 896 2465 certamina
923 2400 1114 2480 castitatis;
1146 2406 1181 2468 et

132 2515 215 2583 ideo
238 2516 319 2602 quia
341 2514 511 2582 cotidiana
538 2535 662 2602 pugna.
692 2514 756 2581 Sed
783 2515 1011 2581 sacratissime
1031 2516 1181 2601 virgines

138 2631 182 2698 de
211 2631 332 2718 quibus
361 2650 451 2697 nunc
480 2631 643 2698 memoria
678 2632 792 2719 agitur
827 2650 968 2717 regnum
999 2630 1114 2695 mundi
1147 2635 1182 2698 et

139 2766 272 2813 omnem
298 2750 454 2813 ornatum
479 2745 582 2811 seculi
607 2748 896 2831 contempnentes,
922 2750 1059 2833 propter
1087 2722 1231 2812 amo·20

139 2881 212 2927 rem
231 2860 366 2928 Domini
382 2858 492 2926 nostri
506 2859 610 2925 Jhesu
625 2859 766 2939 Christi,
786 2863 948 2947 cumipse
963 2860 1182 2947 perhenniter

140 2975 344 3063 gloriantur.
367 2975 415 3040 De
436 2992 576 3059 quarum
598 2975 759 3044 societate
782 2979 862 3042 sunt
881 2976 1094 3041 sanctissime
1111 2975 1179 3041 vir·

142 3089 238 3176 gines
255 3108 396 3175 quarum
411 3107 553 3176 corpora
568 3109 626 3154 sen
640 3089 800 3174 reliquias
816 3109 1066 3157 conservamus

296 3336 340 3384 DE
364 3335 535 3395 amenus
556 3337 667 3386 ΒΕΔΤΕ
689 3339 798 3386 melun
821 3340 1028 3389 MAGDALENE

183 3549 297 3617 Maria
310 3549 512 3638 Magdalena
527 3549 725 3616 clarissimis
741 3555 794 3618 est
809 3557 931 3620 exorta
946 3553 1118 3620 natalibus
1142 3575 1184 3620 ex

139 3667 236 3752 regia
254 3667 360 3751 stirpe
380 3664 671 3740 descendentibus,
698 3666 793 3753 cujus
819 3672 917 3753 pater
936 3669 1043 3754 Syrus
1062 3669 1127 3736 fuit
1150 3675 1185 3737 et

139 3786 251 3847 mater
262 3776 445 3846 Eucherio.
457 3781 577 3858 Maria,
589 3800 663 3845 cnm
679 3780 786 3848 fratre
799 3802 858 3847 suo
874 3784 1004 3848 Lazaro
1019 3789 1053 3851 et
1069 3805 1183 3851 sorore

139 3896 293 3977 Martha,
305 3895 500 3982 Magdalum
512 3901 662 3964 castrum
679 3902 713 3964 et
729 3898 942 3977 Bethaniam‚
964 3920 1037 3965 cnm
1060 3922 1183 3989 magna

139 4012 443 4081 iherosolimorum
453 4018 562 4100 parte,
577 4014 656 4102 jure
676 4014 895 4093 hereditario,
907 4017 1111 4102 possidebat.
1121 4020 1184 4086 Vi-
