2790 4792
606 351 841 460 -lea-‘

188 528 276 606 Ruti,
288 553 348 619 pro
358 552 423 619 qua
436 531 539 602 habet
551 539 735 602 conventus
744 537 780 600 in
792 555 855 601 rua
868 555 966 633 nova,
978 556 1079 623 super
1091 533 1228 603 domum

185 645 363 732 lapideam,
403 648 535 714 vineam
562 653 597 716 et
617 649 831 736 proprisium,
863 670 896 715 v.
918 669 943 714 s.
966 669 1042 735 par.
1066 649 1112 717 Et
1127 648 1228 719 debet

184 761 287 829 abbas
307 782 368 849 pro
390 762 489 829 domo
505 762 546 830 de
565 763 781 852 Servigniaoo
806 784 867 851 pro
886 765 952 833 isto
974 765 1224 844 anniversario,

181 896 206 943 x
217 877 295 944 den.
311 882 346 945 et
360 878 412 944 ob.
432 898 507 964 par.

210 994 314 1041 Jaeobus
328 990 520 1075 tietusiiuerris
530 1008 547 1042 v
562 1008 586 1046 s.
605 996 798 1056 per.Jobanaes
815 997 847 1043 de
865 998 996 1044 Alemeate
1006 1001 1082 1045 tenet.
1105 1020 1132 1032 -
1145 997 1228 1045 Abbas

180 1095 205 1129 x.
216 1081 241 1130 d.
249 1085 274 1130 et
283 1083 324 1131 ob.

226 1171 328 1237 13.-
342 1171 487 1252 Ydibus,

218 1287 337 1353 ·14.-
348 1286 430 1371 XVI
451 1289 530 1356 Kal.
547 1289 680 1355 Marcii.
697 1289 925 1358 -ValeutIni
939 1291 1119 1378 martyris.
1134 1291 1226 1360 Obiit

180 1400 279 1488 Hugo
298 1401 340 1489 de
359 1405 555 1492 Triangulo,
578 1404 672 1491 prlor
685 1403 727 1470 de
740 1406 920 1484 Auxonuo,
948 1426 1009 1493 pro
1027 1426 1104 1492 ‘quo
1122 1393 1226 1474 habet

179 1523 363 1591 conventus
376 1540 476 1608 super
485 1520 549 1599 illa,
564 1540 627 1607 que
642 1519 827 1606 adquisivit
839 1519 927 1586 idem
941 1521 1040 1608 Hugo
1056 1520 1172 1587 domui
1182 1520 1225 1587 de

179 1633 358 1718 Aurorae,
377 1655 401 1702 x
416 1655 445 1702 s.
462 1640 504 1714 t.,
517 1636 566 1701 xii
579 1634 612 1702 d.
629 1634 825 1713 elemosina,
845 1638 880 1702 et
894 1636 942 1701 xii
958 1635 992 1702 d.
1012 1635 1219 1722 pulsatores.

68 1746 71 1751 ’
210 1746 279 1796 Prior
289 1742 320 1796 de'
329 1751 461 1798 Auxonuo.

112 1852 115 1857 ’
138 1817 139 1821 “
226 1838 327 1904 15.-
344 1840 409 1905 XV
430 1840 509 1906 Kal.
530 1879 554 1890 -·
576 1839 945 1918 ObieruutDurandus,
959 1841 1053 1926 prior
1067 1840 1222 1918 claustri,

179 1954 213 2018 et
227 1950 451 2043 limeuJ'ardis,
464 1971 561 2018 soror
577 1952 662 2039 ejus,
680 1971 741 2038 pro
756 1952 876 2039 quibus
888 1954 982 2040 prior
996 1951 1065 2038 [de]
1081 1953 1224 2019 Reciaoo

179 2062 277 2132 debet
300 2086 324 2133 x
348 2086 376 2132 s.
398 2071 484 2144 tur.·,
502 2071 538 2134 et
561 2067 611 2133 xii
637 2066 832 2146 elemosine,
856 2072 891 2135 et
905 2068 955 2133 xii
976 2065 1220 2154 pulsatoribus,

179 2199 280 2265 super
292 2181 352 2253 illa
375 2203 439 2268 que
465 2182 650 2270 adquisivit
659 2167 775 2253 'dietus
794 2185 974 2252 Durandus
987 2186 1157 2272 prioratui
1181 2184 1222 2251 de

180 2295 393 2363 Reciaoo.....
421 2295 467 2385 (l)

212 2409 282 2458 Prior
297 2410 328 2458 de
343 2411 453 2459 Reeieoo.

225 2501 327 2582 16.-‚-
342 2501 446 2566 XIIII
463 2500 589 2567 Kal·
606 2501 696 2569 Obiit
712 2501 923 2568 Theobaldus
940 2505 1059 2590 Baere‚
1077 2524 1139 2590 pro
1158 2524 1222 2591 quo

178 2616 280 2684 habet
294 2622 491 2695 conventus,
502 2637 604 2704 super
613 2619 821 2703 ¹quarterium
832 2619 971 2685 viueein
980 2619 1217 2697 Bello-Monte,

186 2731 210 2794 ii
230 2751 258 2796 s.
278 2751 350 2817 par.
493 2746 496 2752 ’
916 2717 926 2736 ⁶

212 2847 402 2917 Thesaurarius,

226 2938 325 3004 17.-
337 2939 423 3004 XIII
441 2937 518 3005 Kal.
532 2973 575 2988 -
591 2937 650 3005 Ob.

226 3053 325 3118 18.-
338 3052 406 3117 XII
427 3053 504 3118 Kal.
522 3088 566 3104 -
580 3052 641 3120 Ob.

226 3168 325 3234 I9.-
344 3167 393 3233 XI
419 3168 497 3233 Kal.
515 3203 558 3217 -
572 3168 633 3234 Ob.

215 3282 324 3349 ·20.-
343 3283 377 3347 X
397 3282 476 3348 Kal.
497 3320 541 3333 -
555 3282 617 3348 Ob.

221 3388 324 3463 21.-
345 3396 394 3461 IX
415 3396 493 3461 Kal.
511 3395 631 3462 -Ob

200 3584 203 3589 ,
222 3513 326 3581 22.-
337 3511 422 3578 VIII
436 3511 515 3578 Kal.
525 3547 569 3562 -
584 3510 752 3578 Cathedra
768 3513 877 3578 saneti
890 3511 995 3578 Petri.
1011 3509 1104 3578 Obiit
1117 3512 1220 3577 Theo·

180 3625 299 3694 baldus
314 3627 453 3704 Jubins,
475 3647 536 3713 pro
574 3647 639 3712 quo
662 3624 764 3692 habet
796 3631 993 3706 conventus,
1026 3647 1128 3713 super
1149 3627 1218 3692 xvii

179 3747 321 3829 arpenta
332 3746 436 3820 terre,
456 3743 523 3808 sita
539 3742 574 3806 in
589 3740 807 3808 Chasseueim
826 3746 861 3808 et
878 3742 912 3805 in
929 3740 1052 3818 Hurre,
1069 3746 1104 3809 et
1119 3760 1217 3826 super

179 3858 311 3924 vineam
338 3857 438 3925 sitam
460 3857 495 3921 in
510 3856 762 3924 Rubeo-Monte
771 3856 873 3943 juxta
885 3857 1019 3924 vineam
1038 3854 1215 3941 presbiteri

216 4023 250 4088 (1)
264 4025 296 4072 Le
306 4036 345 4072 ms
361 4027 389 4073 bb
402 4028 471 4086 porte
485 4025 523 4078 ici
534 4028 621 4086 quatre
634 4039 691 4086 gros
705 4026 786 4088 points
803 4029 896 4076 oarrts.
