2790 4792
143 584 354 645 mannonm,
383 585 488 630 causa
508 566 675 633 >ratim
699 564 843 631 Saenia
862 562 1020 639 maleus,
1038 558 1185 626 infirmi-

147 698 220 749 tate
250 700 446 770 preventus,
468 683 584 749 Sancti
613 682 708 747 Petri
728 681 808 744 Vni
833 679 1020 744 monachus
1040 676 1185 745 eneam

144 796 240 865 obiit.
266 798 460 884 relinquens
476 798 568 863 dicto
591 797 799 863 monasterio
822 795 940 860 uillam
966 815 1032 879 qua
1058 792 1186 859 licitur

143 914 313 979 Arimara
338 913 502 998 Tempore
525 913 598 989 illo,
629 912 742 977 factus
761 930 905 997 magnus
933 910 1122 974 conuentus
1147 907 1184 971 in

143 1025 435 1093 Autissiodorensi
454 1046 555 1113 pago,
572 1028 675 1113 jussu
688 1026 861 1092 letborici
875 1023 1135 1110 archiepiscopi,
1148 1028 1185 1088 et

144 1140 214 1207 illic
224 1140 337 1207 delate
352 1142 491 1209 luerunt
507 1142 692 1208 multorum
707 1147 902 1206 mutorum
917 1138 1078 1224 reliquie;
1093 1139 1187 1204 inter

146 1278 231 1343 quas
245 1258 393 1326 delatum
408 1258 474 1324 fuit
487 1277 609 1343 corpus
625 1256 717 1323 beati
738 1256 915 1323 sanctiani
927 1268 963 1320 et
976 1260 1059 1320 tunc
1073 1254 1110 1317 in
1122 1252 1185 1317 illa

132 1374 201 1438 uia
217 1373 446 1460 persingulas
460 1386 577 1439 noctus
597 1392 700 1458 super
717 1371 785 1437 duo
798 1372 912 1456 capita
927 1388 1041 1455 capse,
1063 1369 1184 1452 inqua

144 1488 272 1557 dictum
287 1509 410 1577 corpus
424 1496 514 1567 erat,
531 1487 741 1575 apparebant
757 1487 825 1554 cluo
840 1485 965 1572 sydera
984 1484 1135 1551 lucentia
1148 1488 1184 1550 et

102 1604 292 1685 povisibilia
307 1603 366 1670 sed
377 1611 473 1671 metu
486 1602 730 1689 impalpabilia.

187 1720 433 1787 Burmannus.
449 1718 613 1804 Tempore
628 1719 743 1795 istius
764 1715 934 1783 Rcbertus
951 1733 1016 1779 rex
1035 1718 1072 1780 et
1091 1712 1185 1779 Con·

142 1836 276 1902 stancia
285 1836 406 1922 regina
413 1833 567 1900 lecemnt
577 1832 678 1899 beato
690 1833 874 1899 saviniano
882 1849 1020 1916 capsam
1030 1847 1181 1908 exauro,

141 1955 286 2034 argento
301 1954 337 2015 et
355 1949 509 2035 gemmis.
526 1949 568 2014 ln
582 1949 652 2015 ista
668 1947 909 2023 lrmshtione,
925 1943 1061 2031 quidam
1083 1963 1184 2011 cecus

140 2063 268 2147 recepit
294 2062 408 2128 lumen
443 2063 629 2140 oculorum,
657 2068 694 2129 et
723 2060 959 2128 habundantia
989 2059 1183 2146 pluviarum

140 2172 327 2253 descendit,
343 2196 408 2261 que
420 2176 614 2242 desiderata
629 2181 706 2243 erat
717 2175 829 2241 ualde.
843 2176 943 2243 Anno
955 2173 1083 2239 XLVI·
1096 2172 1184 2239 obiit

141 2286 365 2355 Ermenaldus
383 2290 499 2356 abbas.
522 2292 634 2376 Ipsius
651 2296 816 2379 tempore,
836 2289 1024 2356 Gerdrinus
1038 2291 1093 2355 orl
1107 2289 1185 2355 Gel-

140 2402 269 2469 dm'cme
293 2402 354 2490 (1),
381 2405 668 2492 archiepiscopus,
693 2424 812 2472 servos
836 2410 874 2471 et
900 2403 1043 2470 ancillas
1072 2403 1183 2488 ipsius

140 2516 279 2584 abbacie
293 2519 535 2586 incarcerando
548 2524 584 2586 et
605 2520 676 2586 alia
688 2520 797 2587 multa
809 2520 901 2586 mala
920 2517 1074 2585 Mando
1087 2517 1184 2604 inju-

140 2632 256 2711 riavit,
273 2639 475 2701 ornamenta
491 2635 719 2721 pulcherrima
738 2635 938 2701 monasterii
957 2633 1046 2699 male
1058 2631 1183 2698 distri-

91 2746 225 2828 eobuit.
248 2748 450 2816 Ermenaldo
474 2751 520 2815 in'
537 2750 687 2817 claustro
714 2751 858 2836 sepulto,
884 2749 1047 2815 successit
1070 2747 1181 2813 eidem

140 2859 330 2942 Gelbertus,
346 2864 450 2931 abbas
463 2866 567 2932 Beate
578 2865 687 2930 blarie
700 2863 742 2929 de
754 2865 872 2932 Porta.

184 2973 401 3045 Grunnnnus.
424 2979 535 3065 Ipsius
565 2983 728 3066 tempore,
756 2978 912 3045 kalendis
935 2977 1095 3065 Augusti,
1114 2974 1183 3043 fuit

139 3096 231 3156 terre
246 3096 358 3158 motus
374 3094 446 3179 sine
460 3099 562 3160 uento
575 3099 610 3161 et
628 3094 732 3180 pluis,
751 3099 786 3161 et
799 3093 974 3160 cenobium
985 3093 1103 3159 Sancti
1116 3091 1182 3156 Pe·

139 3205 184 3271 tri
201 3205 402 3275 mirabiliter
414 3214 599 3275 crematum
615 3207 680 3277 fuit
697 3229 771 3275 cum
790 3209 932 3276 ecclesia
946 3209 1061 3274 Sancti
1078 3206 1181 3273 Savi-

139 3321 245 3387 niani.
266 3322 365 3388 Anno
390 3324 522 3390 Domini
540 3325 590 3390 Μο
617 3325 866 3412 septuagesimo
888 3328 1020 3402 octavo,
1042 3321 1126 3389 obiit
1144 3326 1181 3389 et

139 3436 290 3522 sepultus
314 3436 379 3505 fuit
410 3439 445 3503 in
476 3439 619 3504 ecclesia
637 3439 752 3507 Sancti
779 3441 965 3507 Saviniani.
992 3437 1182 3525 Ampliavit

137 3552 379 3618 monasterium
394 3552 510 3619 multis
525 3555 793 3639 possessionibus
805 3559 841 3623 et
853 3554 1074 3631 ornamentis,
1090 3552 1180 3638 quod

136 3666 226 3732 rexIt
249 3667 348 3732 annis
368 3667 534 3747 XXXIII,
548 3668 719 3736 mensibus
735 3671 830 3750 VIII,
847 3670 964 3736 diebus
979 3671 1079 3738 VIII.

166 3858 201 3924 (l)
218 3860 262 3910 Ces
277 3862 342 3910 doux
362 3865 426 3912 mols
442 3867 485 3911 ont
500 3865 645 3924 ste-ajouses
662 3867 801 3916 au-dessus
816 3869 852 3916 dc
864 3868 889 3916 la
911 3867 981 3928 ligne
998 3879 1045 3928 par
1059 3866 1085 3915 la
1097 3867 1182 3915 mtme

138 3948 207 3997 main
220 3949 264 4010 qul
277 3953 381 4012 euicult
395 3966 427 4002 au
448 3953 575 4015 catalogue
589 3954 632 4003 des
654 3955 819 4017 archevtques
832 3957 875 4006 des
886 3958 955 4005 notes
971 3955 1049 4016 qu'on
1063 3958 1182 4006 trouvcra

137 4036 194 4098 plus
211 4038 273 4093 loln.
