2782 4786
620 382 833 480 -1634

167 554 240 620 de
259 557 462 643 Saligniaco,
480 557 563 622 xviii
585 578 613 622 s.
629 535 728 651 'par.,
754 560 788 624 et
811 557 859 638 xii
877 554 1071 632 elemosina,
1091 559 1126 621 et
1140 555 1189 620 xii
1204 555 1236 621 d.

170 671 402 754 pulsatores.

234 783 367 830 Berlaudus
380 782 479 830 Jardine
490 781 551 829 xviii
570 795 590 828 s.
609 795 660 842 par.
673 786 696 828 ct
709 782 864 831 Theobaldus
877 783 907 831 de
919 783 1066 845 sinemuro(
1083 782 1100 844 ).

226 871 346 936 -23.-
369 872 432 936 VII
452 870 530 936 Kal.
549 906 592 920 -
615 870 675 936 Ob.

244 987 347 1050 24.-
365 987 410 1050 Vl
424 984 502 1050 Kal.
514 1023 558 1034 -
571 986 715 1053 Matthia
731 986 909 1073 appostoli.
934 986 1025 1053 Obiit
1041 987 1239 1066 Petronilla,

171 1118 287 1165 uxor
298 1100 408 1165 Adele
417 1101 506 1182 Piat,
519 1120 578 1186 pro
589 1121 655 1186 qua
665 1098 769 1167 habet
783 1104 979 1176 conventus,
991 1099 1240 1186 superterram,

180 1215 304 1280 sitam
326 1233 368 1278 au
387 1233 427 1278 ru
446 1215 542 1279 Belin
555 1214 657 1300 juxta
675 1215 844 1280 sanceium
859 1212 1054 1300 Pupienum,
1073 1215 1097 1278 ii
1117 1234 1143 1278 s.
1167 1233 1240 1300 par.

246 1329 333 1415 Itane¹
340 1349 405 1412 pro
422 1333 494 1411 ipso
510 1330 627 1406 Adam,
644 1333 672 1393 ii
686 1349 714 1394 c.
731 1349 916 1413 parmper
934 1329 1087 1394 eamdem
1099 1338 1237 1394 terram.

232 1446 316 1490 Adam
331 1445 471 1501 Leptat.-
494 1444 605 1490 Herodes
632 1445 687 1490 Acte
713 1446 778 1490 Piae.
796 1469 824 1479 -
839 1445 934 1492 Relicta
949 1445 1078 1503 AdePiat,
1104 1445 1122 1490 ii
1143 1457 1165 1491 s.
1179 1457 1239 1500 par.

171 1527 331 1579 Heremita
343 1533 361 1577 ii
370 1545 391 1578 s.
407 1545 465 1588 par.

245 1621 349 1686 25.-
369 1619 488 1684 VKal.
509 1656 552 1666 -
571 1619 631 1687 Ob.

247 1733 350 1800 26.-
368 1734 438 1800 IIII
455 1733 533 1799 Kal.
553 1769 596 1786 -
614 1733 675 1799 Ob.

246 1848 594 1915 27.-111Ka1.-
622 1848 680 1914 Ob.
1235 1931 1237 1935 Α

247 1964 350 2029 28.-
372 1962 406 2028 ΙΙ
424 1961 499 2028 Kal.
516 2000 560 2010 -
586 1961 677 2028 Obiit
705 1963 867 2048 magister
891 1962 1103 2029 Theobaldus
1135 1962 1245 2029 dictus
1291 2032 1296 2037 ,

179 2072 335 2153 Beloca,
346 2075 602 2142 archidiaconus
611 2076 829 2161 Stcmpensis,
840 2096 900 2162 pro
914 2096 978 2162 quo
992 2076 1095 2143 habet
1106 2096 1247 2142 conven-

174 2190 272 2267 tus,
297 2189 384 2275 apud
402 2189 822 2275 Maleyum·Vicecomitis,
851 2210 952 2277 super
976 2189 1111 2257 domum
1137 2195 1172 2257 et
1185 2167 1244 2256 br·
1289 2211 1292 2215 ·

179 2302 278 2368 tum
291 2303 443 2370 defuncti
453 2303 560 2382 Petri,
578 2304 708 2383 olearii,
726 2305 776 2370 xii
789 2326 817 2370 s.
833 2311 874 2386 t.,
893 2310 925 2370 et
940 2305 1124 2371 elemosina
1138 2307 1172 2371 vi
1188 2305 1221 2370 d.

238 2428 306 2474 Istud
323 2428 523 2475 anniversarium
538 2430 694 2488 computatur
710 2429 737 2477 in
752 2430 949 2491 lanuario,quia
965 2433 1026 2476 tunc
1039 2443 1083 2490 pro
1100 2430 1146 2476 isto
1162 2433 1186 2476 ct
1201 2442 1246 2490 pro

185 2511 321 2562 defuncto
338 2516 451 2562 iohanne
474 2515 504 2562 dc
520 2515 634 2564 craciaco
655 2516 776 2564 debentur
791 2517 844 2564 xxii
863 2529 883 2563 s.
906 2520 923 2564 t.
941 2517 969 2564 in
992 2516 1032 2563 die
1048 2516 1174 2564 dominica
1192 2521 1246 2577 post

181 2598 383 2663 Epiphaniam.

252 2693 337 2757 Obiit
351 2696 512 2775 mooicter
529 2695 696 2759 Tierrc'cos
709 2695 749 2758 do
771 2693 930 2772 Vossicco,
945 2697 1050 2777 fiotco,
1069 2714 1131 2778 ρνο
1149 2697 1249 2776 cajus

192 2812 444 2873 anniversario
471 2810 636 2890 faciendo,
670 2811 760 2876 debet
780 2811 875 2875 obbas
897 2815 1082 2878 concoctio
1101 2831 1249 2878 coacen-

199 2927 262 2986 tot
275 2923 328 2986 dte
343 2927 587 3001 anniversarii,
609 2925 838 3007 quoctrcoeato
863 2928 923 2991 sol.
947 2936 1012 2991 tur.
1037 2947 1139 3010 super
1154 2929 1249 2992 bere·

201 3041 349 3103 dilatem
362 3038 516 3122 deftmcti
530 3041 697 3105 Beraarctc'
711 3041 750 3106 cle
768 3040 920 3106 Goraec'o.

253 3227 317 3273 Huc
330 3226 418 3274 SUNT
430 3227 491 3274 SUB
503 3227 730 3284 BREVILOQUIO
740 3228 806 3284 Qun
819 3228 855 3276 IN
867 3228 1056 3276 FEBROARIO
1066 3228 1249 3277 DEBENTUR

204 3339 229 3385 A
250 3340 485 3393 ‚SEOULARIBUS
514 3341 657 3390 TANTUM
687 3342 730 3389 ET
760 3343 892 3390 curum
921 3343 979 3399 QUI
1011 3343 1145 3392 DEBENT
1179 3344 1249 3392 NON

210 3455 464 3503 COMPUTANTUR
488 3457 561 3504 tsro
587 3457 709 3505 MENSE.

254 3606 320 3672 Pro
335 3607 568 3673 anniversario
585 3607 739 3694 Hugonis
754 3606 997 3692 archiepiscopi
1011 3612 1045 3672 et
1061 3604 1243 3683 Guillelmi,

219 3721 375 3807 episcopi,
398 3719 435 3785 xl
458 3740 485 3786 s.
503 3726 531 3788 t.

247 3834 355 3882 Ecclesia
371 3835 402 3883 de
417 3834 521 3886 Niliaco

247 4015 281 4079 (l)
296 4020 328 4066 La
341 4030 380 4067 ms
393 4022 421 4070 56
433 4021 514 4078 ajoutc
527 4022 575 4071 ici:
593 4024 735 4073 Conventus
749 4027 823 4072 tenet.
893 4064 896 4069 .
