2790 4792
680 376 858 441 ..74-

247 519 305 604 jus
332 537 448 604 preces
464 516 649 602 suscipiens
663 518 801 582 sanctus
818 515 925 597 Felix,
943 514 1032 600 qnod
1045 514 1297 581 mandaverant

174 655 181 667 ·
254 635 328 720 ipsa
346 634 442 718 virgo
466 635 501 697 et
517 651 579 696 rex
592 650 654 716 per
674 630 826 707 nuncios,
848 629 979 697 studuit
1000 628 1198 715 adimplere.
1216 631 1296 696 Sus-

252 753 367 834 ceptas
399 765 480 813 vero
506 765 620 811 sacras
651 744 812 830 reliquias
848 744 1000 830 predicta
1033 742 1294 810 Theodechildis

246 863 351 950 jussit
372 863 407 926 in
427 861 633 927 monasterio
657 859 772 926 Sancti
797 860 892 926 Petri
911 859 1184 924 reverentissime
1209 878 1294 924 con-

251 994 392 1041 servari.

278 1221 321 1270 DE
344 1220 476 1268 ΑΒΒΑΤΕ
491 1202 606 1268 'PRIMO
629 1219 833 1267 Amannnnno
852 1220 896 1266 ΕΤ
919 1220 963 1267 DE
984 1219 1102 1268 MORTE
1125 1218 1262 1277 BASOLl‚

595 1335 692 1383 DUGIS
715 1334 758 1381 ΕΤ
782 1334 936 1382 nonnam
967 1332 972 1341 '

292 1532 486 1599 Preiecerat
512 1538 623 1600 autem
652 1532 888 1618 prenominata
907 1531 1044 1598 domina
1062 1533 1208 1618 primum
1229 1532 1292 1598 ab·

248 1649 359 1715 batem
376 1648 509 1712 nomine
522 1643 772 1724 'Amalbertum
790 1647 899 1713 virum
918 1648 986 1713 Deo
1004 1646 1194 1722 amabilem,
1213 1668 1291 1713 san·

202 1758 350 1836 loetum.
382 1762 674 1847 religiosissimum
702 1767 736 1828 et
768 1760 908 1828 floribus
945 1763 1110 1848 sapientie
1144 1762 1290 1830 multum

247 1875 363 1942 ditem.
380 1876 444 1941 Hic
470 1878 596 1962 recepit
617 1876 733 1942 ducem
754 1876 912 1942 Basolum
934 1877 969 1941 in
994 1875 1136 1943 fratrem
1162 1881 1204 1950 et,
1220 1898 1292 1942 mo·

247 1990 402 2056 nochum·
434 1991 496 2065 Qui
523 1990 592 2055 dux
616 1990 758 2056 virendo
785 1991 943 2078 religiose
968 2010 1069 2056 verus
1102 1991 1289 2057 monachus

246 2106 374 2182 extitit,
395 2106 455 2170 sub
471 2104 602 2172 abbatis
614 2106 754 2192 imperio
769 2105 957 2173 militando.
973 2104 1063 2170 Obiit
1076 2123 1157 2170 vero
1168 2100 1287 2171 XVII·

245 2218 409 2284 kalendas
437 2220 612 2287 Februarii
636 2226 670 2288 et
692 2221 842 2307 sepultus
863 2219 928 2287 fuit
950 2220 985 2285 in
1004 2219 1153 2285 oratorio
1170 2218 1289 2286 Sancti

246 2333 487 2413 Bartholomei‚
501 2337 557 2421 qui
572 2356 660 2401 nunc
675 2342 727 2403 est
739 2338 841 2402 Beate
854 2335 962 2402 Marie
978 2333 1122 2420 virginis
1138 2336 1173 2399 et
1188 2335 1288 2400 Beati

245 2445 378 2513 Andree
394 2449 551 2535 apostoli.
564 2450 643 2516 Dies
656 2450 882 2517 anniversarii
894 2450 967 2536 ejus
977 2447 1137 2514 memorie
1151 2446 1290 2514 ducitur

214 2589 220 2603 ·
244 2564 358 2629 XVlI⁰
372 2565 535 2631 kalendas
550 2565 725 2632 Februarii

509 2815 730 2865 EPYTAPHIUM
760 2815 867 2864 IPSIUS
898 2816 1015 2864 BASOLI

307 3024 462 3091 Consulis
477 3025 532 3091 hic
553 3031 647 3093 artus
667 3027 829 3095 recubant
858 3028 1044 3095 Arvernica
1060 3031 1165 3098 tellus

308 3139 479 3224 Magnifici
500 3141 613 3243 Basoli
630 3161 726 3226 quem
747 3141 839 3209 dedit
859 3163 932 3209 esse
948 3145 1030 3209 suis,

308 3255 382 3318 Dux
399 3253 639 3339 Aquitanensis
661 3255 742 3322 felix
763 3278 823 3323 sua
844 3278 924 3323 rura
939 3258 1064 3338 beavit,

308 3369 405 3432 Pacis
427 3368 462 3431 in
475 3374 655 3456 augmento
670 3371 884 3437 consolidans
899 3374 1049 3459 populos

307 3484 512 3550 Francorum
528 3506 640 3573 regem
655 3487 857 3555 Clodoveum
873 3509 1011 3575 corpore
1027 3490 1147 3557 vivens

306 3596 448 3664 Abdicat
473 3619 546 3665 esse
567 3621 663 3666 suum
676 3601 766 3668 hunc
780 3604 953 3689 proprium
968 3604 1154 3678 dominum.

305 3709 444 3778 Artibus
464 3717 498 3779 et
517 3714 621 3780 variis
641 3716 778 3782 tandem
797 3738 859 3784 rex
872 3740 968 3805 quem
981 3723 1167 3809 proditoris

305 3823 532 3896 Constrictum
548 3832 659 3898 tenuit
674 3835 819 3899 carceris
835 3834 870 3899 in
884 3835 1033 3903 tenebris
1046 3861 1054 3919 ;

308 3937 414 4026 Regia
429 3943 486 4008 sed
500 3945 607 4013 mittis
619 3947 742 4032 proles,
758 3929 877 4036 regina
891 3951 1095 4038 Thechildis,
