2782 4786
587 329 764 396 -54-

151 475 223 562 jam
235 473 433 549 transactis,
445 472 487 539 ad
498 472 752 559 requisitionem
767 475 802 539 et
814 457 1092 558 supplicationem
1112 472 1202 540 bone

156 589 315 655 memorie
336 588 449 654 domni
468 589 622 676 Hugonis
646 587 778 654 abbatis
801 587 972 671 totiusque
996 591 1199 665 conuentus,

156 722 277 788 corpus
296 701 439 788 predicti
460 702 623 787 martyris
646 721 720 767 cum
742 719 880 786 corpore
898 698 989 767 beati
1004 699 1114 767 Altini
1139 722 1202 786 per

158 818 342 903 sapientem
358 816 468 882 virum
483 817 683 904 magistrum
705 815 843 882 Petrum
857 813 898 880 de
916 813 1099 893 Corbolli0,
1115 819 1201 882 tunc

155 931 380 998 Senonensem
397 931 696 1017 archiepiscopum,
715 927 899 997 honorifice
908 929 1054 1016 positum
1072 928 1140 997 fuit
1165 932 1200 995 in

57 1067 59 1071 ·
156 1066 290 1133 capsam
313 1050 522 1133 argenteam.
554 1043 662 1112 Affuit
687 1030 768 1111 vero
792 1063 865 1110 cum
882 1043 1035 1130 predicto
1060 1044 1201 1112 archie-

155 1164 290 1249 piscopo
315 1163 368 1230 vir
381 1161 529 1248 prudens
555 1161 732 1227 Trecensis
756 1160 931 1247 episcopus
948 1179 1022 1226 cum
1040 1160 1203 1227 multtu-

156 1276 233 1342 dine
250 1276 526 1362 presbiterorum,
538 1275 747 1354 clericorum,
764 1274 1002 1340 monachorum
1018 1293 1058 1339 ac
1072 1275 1202 1341 utrius·

156 1413 219 1478 qne
240 1413 341 1457 sexus
362 1392 547 1457 hominum.
576 1391 621 1458 Et
639 1386 811 1457 ostensum
832 1387 898 1456 fnit
921 1387 1107 1475 predictum
1130 1410 1204 1455 cor-

110 1516 217 1595 ldpus
235 1507 344 1572 sancti
371 1506 569 1573 Potenciani
591 1525 691 1591 super
711 1509 844 1591 portam
865 1502 1002 1569 abbacie
1024 1506 1059 1570 et
1081 1504 1118 1569 in
1144 1525 1203 1570 ec-

157 1621 260 1686 clesia
280 1640 356 1686 cum
372 1620 499 1687 litteris
512 1620 631 1706 quibus
644 1619 727 1685 fides
740 1624 815 1686 erat
826 1619 981 1686 totaliter
994 1617 1200 1699 adhibenda;

156 1735 235 1820 quia
255 1735 530 1801 sanctimoniales
550 1733 591 1800 de
605 1736 623 1799 J
626 1738 701 1801 otro
718 1734 874 1800 dicebant
889 1731 971 1797 illud
993 1732 1029 1797 in
1046 1753 1107 1799 suo
1124 1754 1202 1800 mo-

155 1850 306 1917 nasterio
322 1852 527 1928 conservari,
550 1849 607 1916 sed
626 1850 661 1914 in
685 1849 745 1916 illa
764 1848 818 1914 die
837 1849 1016 1944 probatum
1034 1847 1101 1916 fuit
1116 1869 1202 1915 con-

155 1963 313 2043 trarium,
343 1969 445 2052 prout
470 1966 505 2030 in
531 1964 627 2030 libris
660 1963 701 2030 de
724 1962 852 2030 Sancti>
871 1962 966 2030 Petri
990 1966 1202 2031 monasterio

139 2052 360 2146 continetur.
385 2078 601 2164 Indulgentia
619 2098 700 2145 vero
723 2079 872 2143 maxima
893 2075 1105 2144 condonatur
1129 2080 1199 2146 illis

157 2194 213 2277 qui
243 2193 279 2257 in
308 2192 366 2257 illo
393 2192 446 2257 die
473 2193 716 2260 translationis.
741 2191 783 2259 ad
810 2193 1052 2259 monasterium
1078 2193 1199 2262 Sancti

156 2305 251 2372 Patri
275 2308 480 2374 conveniunt
503 2312 538 2376 at
557 2329 617 2395 per
642 2307 793 2386 octabas,
816 2311 916 2394 prout
935 2308 970 2372 in
994 2309 1121 2376 litteris
1148 2309 1196 2375 ibi

157 2423 327 2490 contentis
343 2423 469 2509 poteris
482 2423 645 2490 invenire.

215 2671 258 2716 DE
282 2670 434 2718 CORPORE
457 2669 577 2718 SANCTI
600 2669 718 2719 ALTINI
740 2670 945 2718 SALVATORIS
969 2670 1137 2736 mstPULI

105 2889 143 2949 ‘20
198 2885 342 2952 Sanctus
357 2884 507 2962 Altinns,
520 2884 630 2950 socius
646 2885 871 2971 predictorum
887 2891 1075 2972 martyrum
1091 2887 1195 2954 Savi-

154 3001 247 3067 niani
260 3003 294 3067 et
309 3000 519 3080 Potenciani,
533 3020 554 3065 a
570 3004 687 3067 sancto
697 3001 879 3068 Saviniano
892 3001 1015 3067 missus
1030 3001 1194 3070 Aurelia-

153 3115 218 3194 nis,
240 3114 297 3180 ubi
319 3115 443 3182 multos
467 3114 509 3180 ad
528 3113 627 3180 fldem
653 3119 852 3188 convertens
875 3115 1072 3203 baptizavit,
1091 3120 1126 3183 et
1144 3120 1194 3184 eis

152 3230 326 3296 ecclesiam
352 3231 387 3295 in
407 3230 523 3295 eadem
549 3230 631 3296 urbe
655 3231 847 3297 construxit
869 3231 905 3295 in
930 3230 1057 3296 honore
1082 3234 1195 3300 sancti

151 3345 439 3431 prothomartyris
453 3345 633 3430 Stephani3
653 3343 772 3410 deinde
786 3345 874 3430 apud
890 3344 1072 3411 Carnotum
1090 3365 1196 3413 sanc-

150 3464 221 3526 tam
237 3442 424 3523 Modestam
438 3477 512 3521 cum
526 3459 602 3522 aliis
618 3458 813 3544 baptizavit,
828 3465 862 3527 et
876 3459 997 3525 ibidem
1013 3460 1192 3527 ecclesiam

151 3573 185 3636 in
201 3573 328 3637 honore
343 3573 446 3638 Beate
461 3573 569 3636 Mario
586 3575 729 3660 virginis
746 3577 965 3643 consecravit.
984 3576 1110 3642 Deinde
1125 3577 1212 3643 Pa·-

151 3686 253 3750 risius
266 3686 388 3751 multos
405 3685 603 3772 baptizando
623 3690 800 3756 veritatem
817 3690 941 3769 docuit,
957 3695 991 3757 et
1010 3691 1059 3756 eis
1082 3692 1195 3758 eccle·

152 3798 236 3861 siam
250 3800 284 3862 in
299 3799 448 3884 predicte
461 3801 582 3866 Sancte
593 3802 701 3867 Mario
711 3803 838 3869 honore
850 3803 1016 3887 fundavit,
1028 3825 1066 3871 ac
1073 3811 1193 3891 postea

147 3911 237 3994 *apud
256 3912 449 3979 Cristoilum
471 3915 555 3981 duos
579 3917 671 3981 viros
696 3921 886 4007 convertit,
907 3920 1192 4008 videlicetAgoa-
