2790 4792
604 354 801 468 -223'-

180 542 282 609 habet
295 547 489 624 conventus,
509 552 750 632 superterram
771 544 813 611 ad
837 544 1060 623 Sommeville,
1080 564 1104 610 x
1123 564 1151 612 s.
1175 564 1208 630 p.

209 669 230 714 1.
244 667 371 715 Belleterre
381 668 426 714 viii
440 681 463 717 s,
479 670 505 717 ix
521 671 545 717 d.
565 684 589 730 p.

208 759 229 806 J.
248 757 376 804 Bellelarre
391 771 423 804 xv
434 759 459 806 (1,
471 773 499 819 p.

208 849 343 894 Eramboir
359 849 426 904 same
435 850 517 894 Jelran
531 850 669 895 Belleterre
680 835 760 896 'tenet

225 938 274 1002 13.
293 972 335 985 -
349 938 466 1004 XVIII
484 939 655 1004 Kalendas
671 939 872 1005 Decembris.
889 977 932 988 -
948 939 1062 1016 Brioii,
1078 937 1210 1004 confes-

181 1055 275 1118 soris.
303 1053 394 1120 Obiit
406 1055 509 1132 Bono‚
526 1054 681 1120 sacerdos
694 1055 735 1120 de
754 1055 931 1133 Auxonno,
951 1072 1011 1140 pro
1032 1073 1095 1138 quo
1108 1052 1211 1119 habet

180 1174 373 1248 conventus,
394 1175 639 1257 superterram
661 1171 702 1236 ad
722 1169 1092 1237 Crucem-de·Auxonno
1109 1168 1210 1254 juxta

181 1284 367 1349 cheminum
385 1287 616 1366 Treoasmum,
633 1307 655 1352 v
672 1306 700 1352 s
722 1290 765 1367 t.,
784 1287 818 1354 vi
833 1284 874 1352 de
901 1285 1093 1363 elemosina,
1112 1285 1146 1351 vi
1170 1283 1210 1350 de

179 1401 377 1486 pulsatores,

209 1529 347 1587 Stephanus
359 1530 448 1577 Godier
459 1533 490 1576 de
502 1533 628 1577 Auxonuo
642 1531 684 1577 xlv
700 1531 726 1580 d.

209 1619 357 1677 Hugnenins
372 1619 407 1666 dit
419 1619 531 1666 Peletiers
543 1620 649 1668 clericus
659 1619 721 1667 xviii
731 1620 756 1666 d.

207 1709 265 1754 llem
278 1708 379 1755 heredes
396 1708 506 1756 defuncti
518 1709 635 1768 Stephani
647 1708 759 1787 Pelletier
775 1709 800 1754 ix
817 1711 836 1759 t.

223 1808 274 1872 14.
290 1842 333 1857 -
347 1807 446 1871 XVII
462 1807 539 1873 Kal.
558 1843 601 1858 -
617 1807 781 1873 Obierunt
808 1804 990 1872 Baneelina
1013 1809 1047 1873 et
1072 1805 1206 1879 Petrus,

177 1921 261 1988 filius
282 1923 366 2010 ejus,
394 1944 454 2009 pro
486 1943 549 2011 quo
568 1923 671 1990 habet
687 1929 883 2002 conventus,
905 1941 1004 2009 super
1018 1920 1151 1987 domum
1175 1923 1209 1985 et

178 2039 376 2125 porprisiam
404 2038 491 2125 apud
524 2039 744 2125 Malleyotum
775 2039 866 2106 inter
899 2036 1031 2104 domurn
1059 2035 1114 2103 feu
1141 2035 1209 2101 Re-

178 2155 296 2240 gnardi
320 2154 488 2220 Guillelmi
518 2159 553 2222 11
574 2157 664 2223 viam
686 2175 749 2241 que
775 2154 867 2221 dneit
887 2153 929 2220 ad
950 2151 1205 2231 monasterinm,

177 2274 221 2338 vii
244 2293 271 2338 s.
295 2276 322 2339 1.

207 2388 291 2434 Simon
304 2388 386 2435 Bodot.

205 2477 328 2522 Dominus
341 2476 396 2522 Gilo
409 2477 440 2522 de
454 2477 623 2524 Premeriaeo.

219 2577 304 2642 Item
318 2595 378 2661 pro
401 2576 516 2642 eodem
540 2577 784 2656 anniversario,
806 2596 906 2663 super
926 2579 1053 2642 terram
1073 2594 1115 2640 au
1136 2574 1208 2665 Ru·

177 2692 270 2758 Belin
290 2716 311 2760 v
332 2714 359 2760 s.
376 2699 418 2772 1.,
433 2696 467 2761 vi
484 2694 516 2760 d.
534 2695 716 2761 elemosina
731 2697 765 2776 vi
778 2694 818 2762 de
830 2694 1031 2782 pulsatores.
1047 2696 1143 2758 stant
1159 2713 1206 2757 oo

175 2809 395 2891 1111111111
420 2813 558 2876 laterae
584 2813 652 2878 doe
670 2814 853 2898 prosiliere
867 2814 905 2878 de
916 2810 1209 2879 Soloi-Pierrede·

175 2924 560 2994 Meleon-Solot·Pierre.

202 3049 227 3098 J.
243 3049 273 3095 de
291 3049 437 3100 Chatelano.

202 3140 297 3186 Relicta
309 3116 434 3188 lenerents
446 3143 506 3189 dicti
517 3143 629 3200 Chapelu
641 3148 706 3191 tenet
719 3156 767 3201 pro
781 3146 898 3192 Iohanne
909 3145 975 3192 dieto
986 3147 1009 3191 le
1021 3145 1126 3195 Blande.

216 3240 270 3304 15.
287 3275 330 3290 -
343 3240 425 3307 XVI
446 3240 579 3309 Kal-
593 3240 684 3309 Obiit
702 3243 825 3311 Petrus
847 3245 967 3327 Batou,
985 3264 1044 3330 pro
1065 3262 1128 3328 quo
1154 3239 1210 3307 de·

173 3350 227 3420 bet
247 3355 480 3422 thesaurarius
496 3359 532 3423 iii
546 3379 574 3424 s.
596 3379 641 3445 p..
666 3379 726 3446 pro
745 3379 846 3424 censu
866 3380 962 3445 quem
980 3360 1042 3425 Th.
1063 3359 1207 3436 Bethau,

172 3467 273 3548 filius,
289 3470 380 3538 dedit
406 3473 631 3554 thesaurario,
658 3475 815 3542 videlicet
837 3496 936 3562 super
961 3474 1093 3541 domum
1115 3494 1210 3541 suam

173 3587 337 3670 petrinam
352 3589 400 3652 xii
414 3588 446 3655 d.
463 3612 495 3676 p.
515 3611 614 3677 super
630 3590 763 3657 domum
779 3590 913 3657 Andree
932 3590 972 3657 de
989 3589 1210 3658 Veteri-Cas-

172 3706 225 3766 tro
244 3704 293 3767 xii
309 3702 342 3768 d.
364 3726 412 3791 p.,
430 3709 464 3773 11
485 3727 584 3792 super
606 3708 738 3774 vineam
757 3706 798 3773 de
819 3708 939 3774 Baissa
957 3708 1006 3773 xii
1024 3707 1057 3774 d.
1075 3729 1108 3793 p.
1130 3727 1210 3773 oen-

175 3817 299 3886 suales.

203 3933 389 3982 Thesaurarins.

219 4025 269 4091 16.
285 4027 401 4096 —XV
421 4028 499 4096 Kal.
523 4065 566 4080 -
591 4029 754 4098 Obiernnt
785 4029 957 4096 Rossellus
984 4034 1019 4098 11
1042 4030 1207 4111 Emelina,
