2790 4792
536 412 738 480 ..210-

164 609 228 656 HEC
252 609 340 656 SUNT
363 608 517 656 cosmum
548 611 615 668 Qun
644 610 758 658 RBClPI
789 610 928 657 DEBEN‘P
960 611 1035 658 CUM
1057 611 1155 658 CENSU

121 724 210 773 APUD
223 723 604 773 Poma-summosam
617 727 675 774 nm
685 725 850 773 1³0!ch
866 726 954 774 Posu·
977 728 1157 775 muamu-

123 842 193 889 ml
221 840 342 888 nomm
363 840 429 887 PRO
452 842 702 890 eamvzusamo
725 842 890 889 maumam
913 842 1075 902 sumtus,
1101 844 1159 891 DE·

122 959 199 1006 cam
215 957 437 1005 mvssssussxsm
452 957 541 1014 QUOD
561 959 618 1005 Fl'l'
636 959 672 1005 IN
684 958 867 1006 JANUARIO.

165 1120 232 1186 Pro
245 1121 356 1199 vinea,
373 1121 441 1187 sita
454 1122 490 1185 in
510 1122 684 1188 territorio
708 1120 749 1186 de
770 1120 1022 1202 Bello-Monte,
1039 1124 1075 1188 in
1093 1124 1160 1189 loco

123 1239 179 1323 qui
198 1236 321 1303 dicitur
336 1236 379 1303 ad
398 1238 563 1322 Arpanta,
576 1237 679 1322 juxta
695 1238 828 1302 vineam
855 1237 1020 1324 Symonis
1042 1240 1161 1306 Jarrici

124 1355 136 1417 i
150 1355 275 1418 minam
289 1357 324 1419 et
340 1353 352 1416 i
368 1352 540 1417 minellum
558 1352 652 1420 ordei
670 1358 705 1420 et
722 1374 794 1419 xxx
808 1353 842 1419 d.
865 1374 928 1440 pro
949 1357 1090 1442 sequela
1106 1376 1161 1444 pro

124 1490 192 1536 una
214 1474 365 1536 costuma
379 1473 414 1535 et
429 1467 579 1534 dimidia.

154 1596 278 1654 lehauna,
289 1594 374 1642 relicta
385 1592 493 1640 Cellardi
506 1593 536 1640 de
546 1593 657 1641 Colloue.
671 1594 735 1657 [Gilo
750 1593 843 1641 Burelli
852 1595 884 1642 de
895 1594 1000 1656 Capella
1015 1599 1068 1646 reu
1078 1598 1163 1660 leyen.

124 1686 159 1732 m
174 1681 224 1745 aa]

168 1785 235 1851 Pro
253 1786 354 1853 vinea
370 1785 437 1851 sita
451 1785 486 1849 iu
505 1783 621 1848 eodem
631 1784 806 1851 territorio
821 1785 857 1849 iu
873 1785 949 1852 loco
962 1789 1023 1872 qui
1043 1787 1163 1855 dicitur

124 1901 166 1968 ad
190 1904 343 1989 Arpanta
360 1900 591 1967 Belli-Montis
602 1900 703 1986 juxta
721 1900 954 1986 supradictam
976 1905 1116 1971 vineam
1134 1910 1163 1970 et

119 2019 221 2104 juxta
235 2019 366 2084 vineam
379 2015 532 2082 Chaboti.
550 2014 620 2089 Que
638 2016 750 2096 vinea,
773 2017 822 2081 sie
840 2017 921 2096 sita,
946 2016 1016 2085 suit
1034 2019 1163 2086 Andree

124 2137 165 2200 de
178 2135 364 2221 Alta-Ripa
377 2152 479 2199 unam
495 2133 620 2197 minam
635 2137 671 2199 et
691 2154 794 2198 unum
817 2135 996 2201 minellum
1011 2135 1107 2202 ordei
1134 2140 1163 2201 et

124 2272 196 2317 xxx
210 2250 242 2317 d.
257 2255 284 2318 t.
300 2270 361 2338 pro
378 2248 514 2334 sequela
534 2267 596 2336 pro
609 2267 679 2314 una
697 2252 733 2315 et
748 2247 890 2315 dimidia
906 2256 1078 2320 costuma.

153 2377 277 2435 Juquiuue
291 2375 394 2422 Halous.

153 2468 284 2513 lohannes
295 2466 406 2513 Certant.

170 2566 236 2630 Pro
259 2563 403 2631 domoet
416 2566 490 2629 tota
503 2560 682 2646 porprisia,
711 2561 787 2627 sitis
811 2563 846 2626 in
868 2563 958 2628 valle
983 2564 1026 2629 de
1047 2565 1161 2631 Ponti-

125 2679 462 2769 bus-super-Yonam,
482 2697 546 2763 que
559 2675 676 2741 domus
691 2681 743 2743 est
761 2678 851 2745 inter
875 2678 1013 2744 domum
1039 2703 1059 2746 a
1078 2681 1161 2747 Grue

125 2803 160 2865 et
175 2797 307 2863 domum
322 2796 394 2872 Die,
412 2813 472 2880 pro
487 2791 615 2859 duabus
637 2794 812 2871 costumis,
836 2795 859 2859 ii
881 2797 993 2861 minas
1014 2797 1120 2875 ordei,
1141 2797 1161 2859 ii

127 2913 271 3000 gallinas
290 2915 325 2976 in
346 2910 461 2978 valore
482 2911 532 2974 xii
552 2907 599 2988 d.,
621 2910 645 2975 ii
668 2928 784 2997 panes,
810 2911 834 2974 ii
862 2915 1017 2979 sextaria
1037 2914 1119 2990 viui,
1140 2912 1160 2975 ii

127 3049 288 3114 corveyas
308 3033 342 3095 et
358 3029 407 3093 xli
420 3047 493 3114 par.
510 3046 641 3092 census.

158 3153 248 3202 Odelus
256 3154 389 3210 Andriam,
401 3152 559 3211 iminellum,
568 3151 722 3198 medietatem
730 3152 832 3210 galline,
844 3152 1002 3199 medietatem
1016 3155 1100 3216 panis,
1108 3166 1157 3200 me-

127 3243 240 3292 dietatem
251 3245 350 3292 sextarii
362 3244 416 3291 vini
433 3247 456 3290 et
469 3243 599 3290 mediatem
613 3254 773 3302 eorveyarum
789 3246 812 3288 et
828 3245 875 3288 tres
885 3242 910 3289 d.
924 3255 950 3301 p.
964 3255 1065 3292 census.

156 3336 286 3381 lohannes
299 3336 408 3392 Gueyae.

142 3406 213 3470 'uilo
226 3424 353 3483 Langoim.

159 3513 292 3562 Gaulridus
303 3515 412 3561 llorreau
423 3516 446 3560 et
456 3514 581 3561 lohannes
591 3510 687 3561 Pilatre.

173 3614 243 3676 llou
261 3614 308 3678 hle
320 3615 507 3678 d'Arme'au.

169 3729 303 3795 Somme
319 3732 358 3795 de
372 3731 469 3812 l'orqe
486 3733 522 3795 vi
537 3733 653 3793 satiare
669 3738 699 3793 el
711 3733 725 3792 i
739 3732 880 3794 miueau
890 3727 1013 3813 d'orqe.

172 3853 305 3920 Summe
318 3858 357 3921 de
375 3858 516 3938 l’arqeut
530 3859 604 3921 maii
615 3875 643 3919 a.
