2790 4792
591 389 788 458 ..256-

674 589 697 634 V

603 787 774 854 ACCORD

172 945 268 985 aaran
288 944 341 985 uns
355 931 449 985 aneis
464 944 502 983 on
518 943 777 984 semro-conomnn
791 944 827 984 nr
843 944 880 983 on
895 942 1223 984 annumerans-anum

249 1043 308 1083 sun
328 1043 407 1083 unux
426 1031 538 1088 cultros
558 1045 576 1081 a
595 1042 684 1082 raras
703 1043 741 1082 nu
760 1041 879 1081 onuoas
896 1041 953 1082 ons
972 1041 1145 1083 rnoruicns

372 1130 634 1188 ncctbsrnsrrouas
654 1141 692 1180 on
710 1141 782 1181 snus
801 1141 838 1182 ar
858 1142 895 1181 os
915 1141 1009 1181 nurus

189 1243 248 1281 ean
268 1241 323 1280 nas
341 1240 496 1282 conrnune
517 1240 720 1286 uenationes
739 1226 891 1281 nannents
911 1241 972 1280 ran
992 1239 1048 1279 cns
1066 1226 1204 1279 auersus.

492 1368 540 1443 (19
559 1374 589 1426 et
606 1368 642 1425 26
660 1368 775 1426 levrier
797 1368 888 1439 1453.)

201 1514 287 1578 (Copia
299 1515 408 1562 notoriae
419 1527 462 1562 sur
475 1514 628 1574 parchemin,
641 1515 700 1562 faite
714 1514 736 1561 le
753 1516 780 1561 16
794 1514 853 1562 aout
869 1513 929 1562 1470
943 1517 1112 1564 etconservee
1123 1517 1187 1564 deus
1200 1517 1221 1563 le

173 1607 251 1654 trecor
262 1606 291 1653 de
305 1605 330 1652 la
343 1605 480 1663 cathedrale
492 1604 523 1653 de
533 1603 614 1668 Sans.)

207 1751 363 1810 Guiehard
382 1754 419 1810 de
434 1753 566 1824 Biorne,
582 1754 659 1812 abbe
683 1755 721 1812 de
741 1754 1027 1824 Sainte-Colombe,
1048 1761 1079 1811 et
1100 1755 1219 1812 Olivier

171 1854 363 1928 Chepperon,
383 1854 460 1910 abbe
476 1853 514 1910 do
530 1852 870 1924 Saint-Pierre-le-Vif‚
887 1855 1028 1912 d'aecord
1043 1871 1121 1912 avec
1136 1854 1217 1912 leurs

171 1957 319 2010 couvents
343 1952 516 2027 respectiis,
537 1952 720 2009 confirment
740 1953 770 2009 le
795 1959 904 2011 teneur
920 1954 957 2009 de
980 1953 1087 2010 lettres
1109 1953 1215 2027 prece·

171 2031 326 2108 ‹lemment
342 2051 469 2108 scellaes
485 2067 542 2123 par
556 2051 602 2107 les
620 2050 700 2108 deux
712 2052 842 2126 abbayes
854 2053 893 2125 (11
914 2051 1064 2108 touchant
1085 2052 1116 2107 le
1128 2054 1215 2126 quote

171 2149 208 2206 de
233 2149 583 2223 Sarna-Loup-de-Naud
608 2155 638 2205 et
666 2153 803 2207 arretent
825 2150 870 2207 les
887 2149 1062 2206 conditions
1080 2150 1119 2206 de
1138 2150 1214 2206 deun

172 2252 278 2324 quetes
292 2249 451 2306 nouvelles
472 2249 583 2305 ufaire
597 2250 674 2306 faire
695 2268 733 2307 en
749 2267 893 2307 commun
911 2268 948 2306 cn
967 2249 1081 2306 dehors
1099 2249 1153 2308 des
1167 2266 1213 2306 ar-

172 2347 361 2405 chidioceses
385 2348 421 2404 de
440 2349 517 2404 Seus
533 2353 562 2404 et
581 2348 618 2404 dc
633 2349 755 2415 Reims;
773 2367 812 2406 on
829 2368 848 2422 y
867 2355 1001 2423 portora,
1025 2348 1117 2406 d’une
1136 2358 1210 2423 part,

170 2452 202 2504 le
220 2447 329 2504 chasse
343 2447 381 2502 de
395 2445 475 2502 saint
488 2446 654 2503 Potencien
674 2463 748 2504 arec
762 2447 793 2502 le
804 2447 914 2504 cbbsse
926 2447 963 2504 de
980 2447 1062 2504 saint
1076 2448 1171 2522 Loup‚
1184 2454 1212 2503 et

172 2549 296 2615 d’autrc‚
314 2548 343 2602 la
359 2547 467 2604 clrbsse
493 2547 529 2602 de
551 2547 650 2603 sainte
671 2546 817 2603 Colombe
833 2561 907 2602 avec
927 2545 955 2602 lo
975 2545 1048 2602 chef
1068 2545 1106 2601 de
1135 2544 1211 2601 saint

173 2647 333 2718 Gregoire,
348 2645 384 2701 de
398 2646 485 2715 lacon
498 2663 556 2718 que
568 2646 614 2701 les
631 2645 762 2719 reliques
772 2645 999 2719 appartenenti
1008 2644 1148 2701 chacune
1161 2644 1210 2700 des

174 2745 306 2823 abbayes
328 2761 360 2800 se
384 2751 528 2801 trouvent
547 2745 688 2818 toujours
711 2762 748 2800 en
768 2760 920 2801 commun.
943 2745 1001 2800 Les
1014 2742 1165 2817 dbpenses
1184 2750 1211 2797 et

173 2843 217 2900 les
237 2848 366 2900 rocettes
389 2849 492 2899 seront
512 2847 673 2917 pertagces
700 2843 872 2915 &galement
892 2849 977 2900 entre
995 2844 1041 2900 les
1063 2843 1144 2902 deux
1160 2843 1210 2898 ab·

174 2943 275 3016 troyes.

221 3165 341 3231 Datum
366 3166 582 3251 percupiam,
611 3164 670 3230 sub
687 3166 795 3252 signis
811 3165 1026 3230 manualibus
1045 3170 1208 3240 nostrum,

177 3282 360 3348 autoritate
380 3282 564 3367 apostolica
593 3282 814 3358 notariorum,
832 3285 989 3367 carieque
1010 3280 1210 3346 Sunonensis

177 3398 432 3484 metropolitane
446 3397 663 3464 tabellionum
681 3396 957 3483 subscriptorum,
975 3416 1065 3461 anno
1083 3395 1210 3463 Domini

176 3516 352 3581 millesimo
384 3514 713 3601 quadringentesimo
730 3514 989 3600 septuagesimo,
1012 3512 1210 3578 diedecima

178 3637 275 3698 sexta
293 3633 418 3696 mensis
434 3632 582 3718 augusti,
602 3636 729 3698 certum
750 3630 998 3717 cyrographum
1014 3631 1086 3696 sive
1109 3630 1210 3714 scrip·

178 3755 249 3816 tum
279 3750 395 3814 lictere
416 3748 560 3835 legibilis
594 3754 627 3814 et
648 3748 816 3814 notissimi
848 3747 1053 3826 intellectus
1086 3745 1208 3812 tenoris

180 3864 412 3949 subsequentis
430 3884 439 3928 r

210 4059 243 4122 (l)
260 4060 280 4106 V
282 4059 523 4111 misembloblemenl
535 4061 608 4109 celles
619 4062 652 4109 clu
665 4064 678 4107 6
689 4061 816 4110 decembre
832 4064 891 4112 1132
909 4062 953 4121 qui
967 4063 1104 4123 prccbcleut.
