2790 4792
556 419 756 485 -185-

178 564 235 627 18.
251 565 374 629 -xv
391 564 469 629 un.
497 519 542 614 -ὲ
566 561 658 629 obiit
675 563 797 629 Petrus
816 553 993 648 onighart,
1021 580 1082 648 pro
1109 581 1173 647 quo

125 676 236 743 habet
254 681 449 760 conventus,
473 696 573 763 super
587 677 718 744 vineam
735 676 776 743 de
791 675 975 754 Chaufour,
994 677 1030 741 iii
1048 698 1077 743 s.
1094 682 1121 744 t.
1138 678 1172 742 in

125 793 167 856 in
184 791 271 860 testo
282 792 539 861 Sancti-Jacobi
555 793 807 880 persolvendos.

163 907 269 954 Iacobus
285 907 423 955 Coumuille
438 907 473 954 xii
489 908 514 956 d.
533 912 552 956 t.

163 996 246 1041 Henri
259 996 373 1052 leaeque
384 997 415 1042 de
428 997 453 1042 Ia
466 996 629 1042 ville-Nauos
645 1008 679 1041 aa
694 996 832 1042 Cheminii
849 1010 869 1042 ε.
889 1001 955 1042 torn.
970 995 1004 1058 (t)

180 1099 231 1164 19.
243 1132 287 1163 -.-
298 1098 402 1163 XIIII
419 1097 498 1163 Kal.
514 1130 559 1147 -
575 1095 636 1162 Ob.

176 1214 232 1278 20.
257 1249 300 1265 -
314 1213 400 1278 XIII
417 1212 495 1278 Kal.
510 1249 554 1259 —
571 1210 663 1278 Obiit
683 1209 866 1276 Gaufridus
885 1210 1004 1287 Rufus,
1024 1230 1086 1296 pro
1107 1233 1171 1297 quo
1309 1192 1315 1202 ¹

128 1327 235 1393 habet
271 1333 468 1404 conventus
502 1346 602 1412 super
632 1325 765 1390 domum
798 1324 963 1411 lapideam
992 1324 1113 1391 Mititis
1137 1327 1172 1391 in

128 1461 196 1506 rua
211 1442 318 1519 Nova,
336 1463 368 1507 v.
385 1461 413 1507 s.
431 1461 503 1527 par.

164 1557 271 1604 turonus
285 1556 395 1604 Guerris.

164 1646 292 1691 Iohannes
304 1647 336 1690 de
347 1647 482 1691 Alamente
495 1651 571 1696 tenet.

177 1732 231 1797 21.
249 1769 293 1782 -
305 1733 373 1799 XII
390 1734 471 1800 Kal:
487 1767 532 1784 -
548 1733 609 1799 Ob.

176 1847 231 1911 22.
249 1883 294 1897 -
307 1848 357 1913 XI
371 1848 450 1915 Kal.
468 1884 512 1897 -
527 1849 634 1914 Marie
654 1847 863 1934 Magdelene.
882 1847 941 1913 Ob.

176 1960 231 2027 23.
249 1997 293 2012 -
307 1964 341 2027 Χ
356 1962 434 2028 Kal.
450 1997 491 2012 -
509 1961 568 2028 Ob.

177 2078 231 2142 24.
254 2112 298 2128 -
319 2080 370 2145 IX
390 2079 467 2144 Kal.
488 2115 532 2130 -
553 2078 614 2145 Ob.

175 2198 230 2262 25.
250 2230 294 2245 -
309 2197 393 2263 VIII
414 2198 491 2263 Kal.
512 2233 555 2246 -
576 2197 704 2275 Jaoobi,
723 2199 902 2284 appostoli.
922 2197 983 2264 Ob.

176 2313 231 2377 26.
251 2348 294 2360 -
314 2313 380 2379 VII
397 2314 475 2379 Kal.
494 2350 537 2362 —
552 2314 696 2390 Venere,
714 2314 870 2400 virginis.
890 2311 952 2379 Ob.

175 2429 230 2493 27.
251 2465 295 2475 —
309 2429 357 2495 VI
376 2429 644 2515 Kal.-Septem
662 2428 1014 2497 dormiennum.0biit
1029 2429 1171 2494 domnus

132 2542 314 2608 Gaufridus
345 2543 386 2609 de
413 2545 804 2630 Monteigny-Lancout,
836 2543 945 2611 abbas'
966 2545 1066 2630 hujus
1094 2544 1169 2624 Ioci,

130 2679 190 2745 pro
214 2660 309 2746 eujus
333 2661 566 2726 anniversario
590 2658 692 2727 habet
715 2664 899 2725 conventus
920 2656 1007 2744 apud
1026 2659 1172 2725 Pontes-

10 2793 12 2799 ’
130 2776 391 2861 super-Yonom,
412 2797 511 2863 super
526 2777 594 2843 tria
618 2781 760 2862 arpenta
777 2777 879 2860 prati,
899 2777 964 2840 siIa
982 2777 1072 2842 Inter
1088 2795 1171 2861 pra·

128 2895 201 2956 tum
228 2890 309 2957 dieti
336 2891 513 2957 MoreiIIon
539 2896 574 2958 et
594 2897 727 2976 pratum
754 2891 915 2975 Stephani
941 2890 1022 2958 dicti
1046 2891 1169 2968 Sirart,

129 3024 178 3068 xx
194 3025 210 3068 s
224 3010 266 3082 t,
278 3006 314 3069 iii
329 3024 355 3069 s.
371 3026 404 3091 p.
420 3005 614 3081 elemosina,
627 3006 674 3069 xii
687 3005 718 3070 d.
736 3005 938 3089 pulsatores,
952 3006 986 3069 in
1003 3005 1055 3070 dIe
1071 3006 1172 3070 Eual-

128 3120 272 3186 tationis
288 3124 403 3186 sancte
422 3119 538 3186 Crucis
558 3120 795 3207 persolvendos
810 3140 881 3185 eom
906 3125 1050 3209 quatuor
1075 3119 1106 3184 d.
1134 3140 1166 3204 p.

130 3253 193 3320 pro
211 3254 326 3302 censu.

163 3357 230 3404 Istud
242 3358 441 3405 anniversarium
453 3360 607 3418 computatur
624 3362 648 3406 et
658 3358 762 3406 solvitur
775 3359 802 3406 iu
820 3358 954 3417 Septembri
967 3359 995 3406 iu
1010 3359 1049 3407 die
1065 3359 1166 3406 Exulta-

131 3447 209 3494 tiouis
225 3450 309 3494 sancte
320 3447 414 3495 CrucIs.
494 3488 500 3511 ,

165 3537 246 3585 Guido
262 3538 448 3585 Blausviilains.

163 3627 283 3673 canonici
299 3628 330 3672 de
348 3627 476 3673 Thesauro
491 3629 580 3702 debent
592 3629 697 3673 solvere.

176 3717 231 3780 28.
257 3752 301 3765 -
325 3717 355 3782 V
377 3716 454 3781 Kal.
476 3754 522 3767 -
540 3716 597 3781 Ob.

174 3831 229 3895 29.
259 3866 299 3879 -
321 3805 390 3896 1111
410 3831 487 3895 un.
511 3867 549 3879 -
577 3829 638 3896 oo.

160 4053 195 4118 (1)
212 4055 243 4102 Le
255 4067 294 4102 ms
309 4055 337 4101 56
347 4054 443 4116 ajoute:
460 4055 489 4100 Li
499 4054 614 4112 Baupues
627 4055 785 4102 d'Auxon.-
794 4056 884 4102 Perrin
898 4057 919 4102 le
930 4057 972 4121 fitz
982 4070 1015 4103 aa
1025 4059 1136 4115 Raupue.
