2790 4792
636 363 778 427 ..7-

186 539 191 552 ε
222 502 368 589 Capsam
393 502 569 582 habemus,
584 525 643 589 per
666 525 786 572 manus
810 507 964 592 proprias
989 509 1097 574 sancti
1119 509 1220 596 Eligii

181 617 394 695 fabricatam,
416 619 450 682 in
464 636 541 702 qua,
554 624 603 702 ,ut
617 620 751 702 dicitur,
779 625 813 687 et
831 622 922 706 pium
939 628 992 689 est
1015 623 1163 701 credere,
1181 623 1221 688 de
1246 699 1252 708 Ι

181 734 410 819 corporalibus
429 752 503 798 cum
519 734 637 819 quibus
653 735 771 802 beatus
793 756 880 822 papa
904 737 1087 824 Gregorius
1107 742 1142 804 et
1164 737 1221 803 do·

177 853 254 920 ctor
266 849 391 913 missas
403 847 592 918 celebrabat
604 851 814 934 partiuncule
830 858 1081 919 conservantur.

221 963 428 1042 Alexander,
444 964 612 1050 presbiter
635 965 676 1031 de
690 967 822 1045 Naud0,
837 968 1030 1053 capellanus
1058 969 1219 1054 Stephani

182 1078 327 1156 comitis,
345 1077 518 1144 dimidium
536 1079 670 1148 dentem
695 1084 804 1149 sancti
828 1083 997 1169 Nicholay
1013 1081 1104 1149 dedit
1123 1083 1219 1150 nobis

181 1215 277 1280 quem
293 1213 467 1260 servamus
487 1196 522 1261 in
536 1196 718 1281 philateria
733 1171 934 1264 cristallina.
1150 1195 1155 1205 '

225 1313 366 1384 Dentem
394 1313 502 1379 sancti
526 1313 627 1377 Marii
653 1312 857 1379 confessoris
883 1333 943 1398 per
962 1312 1218 1378 commonachos

183 1429 319 1492 nostros
338 1424 379 1490 de
394 1426 561 1493 Arvernia
572 1427 762 1506 habuimus,
779 1432 813 1494 et
824 1429 859 1492 in
873 1428 1025 1515 predicta
1038 1428 1219 1514 philateria

179 1560 432 1606 conservamus
908 1627 911 1633 .
1071 1629 1081 1638 f
1231 1536 1266 1597 10

222 1656 394 1741 Reliquias
409 1655 450 1722 de
464 1655 602 1722 brachio
620 1658 729 1722 sancti
747 1657 926 1722 Leonardi.

222 1772 320 1849 Item,
343 1772 504 1856 reliquias
519 1771 616 1838 beate
629 1773 737 1837 Marie
757 1773 969 1858 Magdalene.

221 1888 323 1962 Item,
345 1887 505 1972 reliquias
530 1885 571 1950 de
602 1885 719 1971 digitis
750 1890 864 1952 sancte
888 1886 1057 1965 Columbe,
1073 1887 1216 1975 virginis

176 2004 213 2066 et
228 2000 404 2085 martyris,
423 2019 672 2066 conservamus.
1156 1988 1158 1991 ¹

190 2160 194 2166 ,
220 2114 348 2201 Corpus
376 2121 491 2181 sancte
518 2114 785 2191 Theodechildis,
800 2113 955 2200 virginis,
976 2136 1040 2200 que
1063 2120 1216 2183 nostrum

176 2229 333 2297 fundavit
367 2230 608 2295 monasterium
641 2229 804 2295 habemus
830 2228 990 2297 decenter
1021 2231 1216 2297 asinistris

176 2346 316 2432 majoris
337 2346 456 2412 altaris
474 2347 509 2410 in
523 2365 621 2411 muro
637 2345 697 2410 sub
710 2344 820 2430 lapide
836 2327 888 2410 sui
908 2347 1080 2432 epytaphii
1101 2352 1216 2414 tumu-

175 2460 296 2535 latum,
309 2465 344 2525 et
360 2464 460 2545 caput
475 2460 582 2544 ipsius
601 2459 745 2545 virginis
762 2479 835 2524 cum
856 2463 997 2545 argento
1014 2461 1056 2525 ad
1071 2459 1214 2526 formam

175 2595 235 2639 sue
256 2573 355 2640 faciei
372 2551 550 2642 fabricato.

219 2692 264 2756 Et
284 2690 426 2762 aliorum
449 2692 669 2778 plurimorum
685 2695 891 2770 sanctorum,
912 2694 1115 2776 martyrum,
1132 2695 1263 2758 con-20

175 2803 340 2870 sessorum
351 2811 451 2890 atque
463 2808 646 2892 virginum,
661 2827 800 2892 quorum
814 2809 953 2873 nomina
963 2809 1017 2874 vel
1032 2810 1211 2896 scripture,

173 2924 310 3005 propter
333 2920 524 2987 litterarum
550 2927 753 2988 vestutatem
773 2926 808 2987 et
832 2927 971 3008 propter
989 2943 1211 3009 paganorum,
1308 3003 1312 3009 .

174 3033 458 3118 Euvandalorum,
480 3037 792 3104 Norhtmaunorum
818 3041 852 3104 et
874 3037 1093 3122 quorumdam
1111 3041 1214 3125 pessi·

176 3170 303 3215 morum
338 3150 601 3217 inhabitantium
629 3151 905 3229 destructionem,
925 3153 1064 3239 insuper
1095 3158 1130 3220 et
1154 3175 1214 3240 per

174 3265 383 3330 vastationes
401 3265 530 3350 ignium
548 3265 668 3349 quibus
686 3286 746 3351 per
766 3273 837 3332 tres
858 3267 950 3334 vices
968 3266 1093 3335 dictum
1113 3288 1213 3335 ceno-

129 3458 132 3463 ,
175 3376 263 3442 bium
295 3378 360 3444 fuit
393 3381 576 3446 enormiter
609 3387 875 3459 concrematum,
904 3391 1048 3469 possunt
1076 3384 1213 3450 minime
1303 3463 1307 3469 ,

175 3495 328 3579 reperiri.
348 3494 589 3580 Sepultureque
611 3496 794 3561 multorum
815 3501 1009 3563 sanctorum
1028 3502 1063 3563 et
1082 3502 1214 3563 sancta·

177 3629 250 3673 rum
274 3611 310 3673 in
331 3604 420 3676 dicto
439 3611 644 3676 monasterio
659 3616 694 3676 et
719 3609 801 3676 dicti
824 3613 1020 3678 monasterii
1036 3613 1213 3697 cymiterio

141 3704 143 3708 ’
175 3727 381 3810 sepultorum
402 3726 530 3792 honore
551 3734 668 3793 carent
694 3727 830 3792 omnino
853 3726 1136 3792 destructionibus
1153 3749 1212 3794 su-

172 3840 347 3925 pradictis.
369 3840 541 3924 Reliquias
564 3861 645 3906 vero
666 3861 750 3926 quas
775 3840 937 3906 habemus
955 3846 990 3906 et
1009 3859 1211 3927 cognoscere
1222 3841 1262 3904 :30

174 3974 353 4046 possumus
370 3955 549 4022 secundum
563 3961 716 4022 tenorem
739 3955 850 4024 nostri
874 3956 1071 4024 monasterii
1087 3956 1213 4025 letanie

860 4306 1173 4518 Α
