<?xml version="1.0" encoding="UTF-8"?>
<!DOCTYPE html PUBLIC "-//W3C//DTD XHTML 1.0 Transitional//EN"
    "http://www.w3.org/TR/xhtml1/DTD/xhtml1-transitional.dtd">
<html xmlns="http://www.w3.org/1999/xhtml" xml:lang="en" lang="en">
 <head>
  <title>
</title>
<meta http-equiv="Content-Type" content="text/html;charset=utf-8" />
  <meta name='ocr-system' content='tesseract 3.04.00' />
  <meta name='ocr-capabilities' content='ocr_page ocr_carea ocr_par ocr_line ocrx_word'/>
</head>
<body>
  <div class='ocr_page' id='page_1' title='image "./lelivredesreliq00jullgoog_0054.png"; bbox 0 0 2782 4786; ppageno 0'>
   <div class='ocr_carea' id='block_1_1' title="bbox 472 395 724 459">
    <p class='ocr_par' dir='ltr' id='par_1_1' title="bbox 472 395 724 459">
     <span class='ocr_line' id='line_1_1' title="bbox 472 395 724 459; baseline 0.024 -6"><span class='ocrx_word' id='word_1_1' title='bbox 472 450 474 453; x_wconf 84' lang='lat'>.</span> <span class='ocrx_word' id='word_1_2' title='bbox 556 395 724 459; x_wconf 88' lang='lat' dir='ltr'><strong>-ll-</strong></span> 
     </span>
    </p>
   </div>
   <div class='ocr_carea' id='block_1_2' title="bbox 157 530 1161 993">
    <p class='ocr_par' dir='ltr' id='par_1_2' title="bbox 157 530 632 604">
     <span class='ocr_line' id='line_1_2' title="bbox 157 530 632 604; baseline 0.006 -19"><span class='ocrx_word' id='word_1_3' title='bbox 157 530 360 604; x_wconf 86' lang='lat' dir='ltr'><strong>Epytaphium</strong></span> <span class='ocrx_word' id='word_1_4' title='bbox 380 530 632 604; x_wconf 72' lang='lat' dir='ltr'><strong>ipsiusvirginis.</strong></span> 
     </span>
    </p>

    <p class='ocr_par' dir='ltr' id='par_1_3' title="bbox 158 625 1160 798">
     <span class='ocr_line' id='line_1_3' title="bbox 158 625 1160 687; baseline 0.002 -6"><span class='ocrx_word' id='word_1_5' title='bbox 158 625 202 682; x_wconf 89' lang='lat' dir='ltr'><strong>De</strong></span> <span class='ocrx_word' id='word_1_6' title='bbox 220 627 394 684; x_wconf 89' lang='lat' dir='ltr'><strong>nominibus</strong></span> <span class='ocrx_word' id='word_1_7' title='bbox 408 628 548 685; x_wconf 89' lang='lat' dir='ltr'><strong>abbatum</strong></span> <span class='ocrx_word' id='word_1_8' title='bbox 562 629 737 686; x_wconf 90' lang='lat' dir='ltr'><strong>monasterii</strong></span> <span class='ocrx_word' id='word_1_9' title='bbox 758 629 860 686; x_wconf 89' lang='lat' dir='ltr'><strong>Sancti</strong></span> <span class='ocrx_word' id='word_1_10' title='bbox 876 630 961 687; x_wconf 87' lang='lat' dir='ltr'><strong>Petri</strong></span> <span class='ocrx_word' id='word_1_11' title='bbox 982 627 1052 684; x_wconf 87' lang='lat' dir='ltr'><strong>vivi</strong></span> <span class='ocrx_word' id='word_1_12' title='bbox 1070 630 1100 683; x_wconf 90' lang='lat' dir='ltr'><strong>et</strong></span> <span class='ocrx_word' id='word_1_13' title='bbox 1123 625 1160 683; x_wconf 90' lang='lat' dir='ltr'><strong>de</strong></span> 
     </span>
     <span class='ocr_line' id='line_1_4' title="bbox 193 722 912 798; baseline 0.007 -22"><span class='ocrx_word' id='word_1_14' title='bbox 193 722 309 778; x_wconf 88' lang='lat' dir='ltr'><strong>actibus</strong></span> <span class='ocrx_word' id='word_1_15' title='bbox 321 727 353 779; x_wconf 89' lang='lat' dir='ltr'><strong>et</strong></span> <span class='ocrx_word' id='word_1_16' title='bbox 368 723 531 796; x_wconf 85' lang='lat' dir='ltr'><strong>sepulturis</strong></span> <span class='ocrx_word' id='word_1_17' title='bbox 547 725 745 798; x_wconf 88' lang='lat' dir='ltr'><strong>quorumdam</strong></span> <span class='ocrx_word' id='word_1_18' title='bbox 766 725 912 798; x_wconf 90' lang='lat' dir='ltr'><strong>ipsorum.</strong></span> 
     </span>
    </p>

    <p class='ocr_par' dir='ltr' id='par_1_4' title="bbox 157 818 1161 993">
     <span class='ocr_line' id='line_1_5' title="bbox 157 818 1161 895; baseline 0.002 -22"><span class='ocrx_word' id='word_1_19' title='bbox 157 818 202 873; x_wconf 91' lang='lat' dir='ltr'><strong>De</strong></span> <span class='ocrx_word' id='word_1_20' title='bbox 214 819 388 875; x_wconf 81' lang='lat' dir='ltr'>nominibus</span> <span class='ocrx_word' id='word_1_21' title='bbox 403 820 698 895; x_wconf 85' lang='lat' dir='ltr'><strong>archiepiscoporum</strong></span> <span class='ocrx_word' id='word_1_22' title='bbox 708 823 939 891; x_wconf 87' lang='lat' dir='ltr'><strong>Senonensium,</strong></span> <span class='ocrx_word' id='word_1_23' title='bbox 953 826 982 878; x_wconf 89' lang='lat' dir='ltr'><strong>et</strong></span> <span class='ocrx_word' id='word_1_24' title='bbox 992 820 1029 876; x_wconf 87' lang='lat' dir='ltr'><strong>de</strong></span> <span class='ocrx_word' id='word_1_25' title='bbox 1044 819 1161 877; x_wconf 86' lang='lat' dir='ltr'><strong>actibus</strong></span> 
     </span>
     <span class='ocr_line' id='line_1_6' title="bbox 200 908 854 993; baseline 0.003 -20"><span class='ocrx_word' id='word_1_26' title='bbox 200 929 230 974; x_wconf 89' lang='lat' dir='ltr'><strong>et</strong></span> <span class='ocrx_word' id='word_1_27' title='bbox 246 919 411 993; x_wconf 78' lang='lat' dir='ltr'><strong>sepulturis</strong></span> <span class='ocrx_word' id='word_1_28' title='bbox 423 919 621 993; x_wconf 91' lang='lat' dir='ltr'><strong>quorumdam</strong></span> <span class='ocrx_word' id='word_1_29' title='bbox 640 920 782 993; x_wconf 88' lang='lat' dir='ltr'><strong>ipsorum.</strong></span> <span class='ocrx_word' id='word_1_30' title='bbox 849 908 854 917; x_wconf 52' lang='lat'>⁵</span> 
     </span>
    </p>
   </div>
   <div class='ocr_carea' id='block_1_3' title="bbox 139 1016 1159 1187">
    <p class='ocr_par' dir='ltr' id='par_1_5' title="bbox 139 1016 1159 1187">
     <span class='ocr_line' id='line_1_7' title="bbox 159 1016 1159 1089; baseline 0 -18"><span class='ocrx_word' id='word_1_31' title='bbox 159 1016 203 1072; x_wconf 85' lang='lat' dir='ltr'><strong>Do</strong></span> <span class='ocrx_word' id='word_1_32' title='bbox 216 1016 389 1073; x_wconf 88' lang='lat' dir='ltr'><strong>nominibus</strong></span> <span class='ocrx_word' id='word_1_33' title='bbox 408 1033 513 1088; x_wconf 87' lang='lat' dir='ltr'><strong>regum</strong></span> <span class='ocrx_word' id='word_1_34' title='bbox 527 1016 713 1073; x_wconf 80' lang='lat' dir='ltr'><strong>Francorum</strong></span> <span class='ocrx_word' id='word_1_35' title='bbox 727 1022 756 1073; x_wconf 91' lang='lat' dir='ltr'><strong>et</strong></span> <span class='ocrx_word' id='word_1_36' title='bbox 772 1016 808 1073; x_wconf 89' lang='lat' dir='ltr'><strong>de</strong></span> <span class='ocrx_word' id='word_1_37' title='bbox 823 1016 939 1073; x_wconf 90' lang='lat' dir='ltr'><strong>actibus</strong></span> <span class='ocrx_word' id='word_1_38' title='bbox 955 1021 984 1072; x_wconf 91' lang='lat' dir='ltr'><strong>et</strong></span> <span class='ocrx_word' id='word_1_39' title='bbox 996 1016 1159 1089; x_wconf 78' lang='lat' dir='ltr'><strong>sepulturis</strong></span> 
     </span>
     <span class='ocr_line' id='line_1_8' title="bbox 139 1112 558 1187; baseline 0 -17"><span class='ocrx_word' id='word_1_40' title='bbox 139 1130 141 1134; x_wconf 87' lang='lat'>·</span> <span class='ocrx_word' id='word_1_41' title='bbox 196 1112 395 1187; x_wconf 89' lang='lat' dir='ltr'><strong>quorumdam</strong></span> <span class='ocrx_word' id='word_1_42' title='bbox 412 1113 558 1186; x_wconf 90' lang='lat' dir='ltr'><strong>ipsorum.</strong></span> 
     </span>
    </p>
   </div>
   <div class='ocr_carea' id='block_1_4' title="bbox 444 1348 846 1397">
    <p class='ocr_par' dir='ltr' id='par_1_6' title="bbox 444 1348 846 1397">
     <span class='ocr_line' id='line_1_9' title="bbox 444 1348 846 1397; baseline 0.002 -2"><span class='ocrx_word' id='word_1_43' title='bbox 444 1348 488 1394; x_wconf 79' lang='lat' dir='ltr'><strong>DE</strong></span> <span class='ocrx_word' id='word_1_44' title='bbox 512 1348 630 1396; x_wconf 80' lang='lat' dir='ltr'><strong>SUMMA</strong></span> <span class='ocrx_word' id='word_1_45' title='bbox 659 1349 846 1397; x_wconf 80' lang='lat' dir='ltr'><strong>TRINITATE</strong></span> 
     </span>
    </p>
   </div>
   <div class='ocr_carea' id='block_1_5' title="bbox 39 1558 1209 4062">
    <p class='ocr_par' dir='ltr' id='par_1_7' title="bbox 117 1558 1209 1990">
     <span class='ocr_line' id='line_1_10' title="bbox 165 1558 1158 1636; baseline -0.001 -11"><span class='ocrx_word' id='word_1_46' title='bbox 165 1558 373 1625; x_wconf 86' lang='lat' dir='ltr'><strong>Salvatorem</strong></span> <span class='ocrx_word' id='word_1_47' title='bbox 385 1564 538 1626; x_wconf 86' lang='lat' dir='ltr'><strong>nostrum</strong></span> <span class='ocrx_word' id='word_1_48' title='bbox 552 1560 571 1624; x_wconf 85' lang='lat' dir='ltr'>J</span> <span class='ocrx_word' id='word_1_49' title='bbox 573 1560 691 1625; x_wconf 90' lang='lat' dir='ltr'><strong>hesum</strong></span> <span class='ocrx_word' id='word_1_50' title='bbox 700 1560 884 1633; x_wconf 85' lang='lat' dir='ltr'><strong>Christum,</strong></span> <span class='ocrx_word' id='word_1_51' title='bbox 897 1559 1002 1625; x_wconf 92' lang='lat' dir='ltr'><strong>filium</strong></span> <span class='ocrx_word' id='word_1_52' title='bbox 1011 1560 1158 1636; x_wconf 83' lang='lat' dir='ltr'><strong>Deivivi,</strong></span> 
     </span>
     <span class='ocr_line' id='line_1_11' title="bbox 119 1673 1209 1760; baseline -0.004 -22"><span class='ocrx_word' id='word_1_53' title='bbox 119 1693 192 1738; x_wconf 89' lang='lat' dir='ltr'><strong>cum</strong></span> <span class='ocrx_word' id='word_1_54' title='bbox 205 1673 308 1739; x_wconf 83' lang='lat' dir='ltr'><strong>Patre</strong></span> <span class='ocrx_word' id='word_1_55' title='bbox 323 1680 358 1741; x_wconf 89' lang='lat' dir='ltr'><strong>et</strong></span> <span class='ocrx_word' id='word_1_56' title='bbox 373 1675 500 1760; x_wconf 85' lang='lat' dir='ltr'><strong>Spiritu</strong></span> <span class='ocrx_word' id='word_1_57' title='bbox 517 1674 641 1742; x_wconf 88' lang='lat' dir='ltr'><strong>Sancto</strong></span> <span class='ocrx_word' id='word_1_58' title='bbox 660 1677 789 1742; x_wconf 87' lang='lat' dir='ltr'><strong>trinum</strong></span> <span class='ocrx_word' id='word_1_59' title='bbox 808 1681 843 1742; x_wconf 91' lang='lat' dir='ltr'><strong>et</strong></span> <span class='ocrx_word' id='word_1_60' title='bbox 865 1695 968 1740; x_wconf 91' lang='lat' dir='ltr'><strong>unum</strong></span> <span class='ocrx_word' id='word_1_61' title='bbox 991 1676 1093 1740; x_wconf 91' lang='lat' dir='ltr'><strong>Deum</strong></span> <span class='ocrx_word' id='word_1_62' title='bbox 1120 1675 1155 1738; x_wconf 95' lang='lat' dir='ltr'><strong>in</strong></span> <span class='ocrx_word' id='word_1_63' title='bbox 1174 1673 1209 1734; x_wconf 80' lang='lat'><strong>10</strong></span> 
     </span>
     <span class='ocr_line' id='line_1_12' title="bbox 117 1788 1157 1872; baseline 0.002 -21"><span class='ocrx_word' id='word_1_64' title='bbox 117 1788 267 1868; x_wconf 86' lang='lat' dir='ltr'><strong>omnium</strong></span> <span class='ocrx_word' id='word_1_65' title='bbox 280 1788 475 1872; x_wconf 86' lang='lat' dir='ltr'><strong>primordiis</strong></span> <span class='ocrx_word' id='word_1_66' title='bbox 503 1795 695 1856; x_wconf 83' lang='lat' dir='ltr'><strong>sanctorum</strong></span> <span class='ocrx_word' id='word_1_67' title='bbox 724 1810 785 1855; x_wconf 91' lang='lat' dir='ltr'><strong>nos</strong></span> <span class='ocrx_word' id='word_1_68' title='bbox 813 1791 999 1866; x_wconf 87' lang='lat' dir='ltr'><strong>nominare,</strong></span> <span class='ocrx_word' id='word_1_69' title='bbox 1018 1789 1157 1854; x_wconf 85' lang='lat' dir='ltr'><strong>laudare</strong></span> 
     </span>
     <span class='ocr_line' id='line_1_13' title="bbox 118 1903 1155 1990; baseline 0.002 -23"><span class='ocrx_word' id='word_1_70' title='bbox 118 1906 155 1968; x_wconf 92' lang='grc'><strong>61</strong></span> <span class='ocrx_word' id='word_1_71' title='bbox 177 1903 373 1969; x_wconf 87' lang='lat' dir='ltr'><strong>benedicere</strong></span> <span class='ocrx_word' id='word_1_72' title='bbox 392 1903 564 1982; x_wconf 89' lang='lat' dir='ltr'><strong>condecet,</strong></span> <span class='ocrx_word' id='word_1_73' title='bbox 592 1906 648 1990; x_wconf 92' lang='lat' dir='ltr'><strong>qui</strong></span> <span class='ocrx_word' id='word_1_74' title='bbox 677 1909 814 1971; x_wconf 87' lang='lat' dir='ltr'><strong>cunctos</strong></span> <span class='ocrx_word' id='word_1_75' title='bbox 839 1905 991 1972; x_wconf 80' lang='lat' dir='ltr'><strong>condidit</strong></span> <span class='ocrx_word' id='word_1_76' title='bbox 1006 1908 1155 1981; x_wconf 75' lang='lat' dir='ltr'><strong>concine,</strong></span> 
     </span>
    </p>

    <p class='ocr_par' dir='ltr' id='par_1_8' title="bbox 39 2010 1204 4062">
     <span class='ocr_line' id='line_1_14' title="bbox 75 2010 1160 2105; baseline 0.001 -22"><span class='ocrx_word' id='word_1_77' title='bbox 75 2010 80 2015; x_wconf 72' lang='grc'><strong>’</strong></span> <span class='ocrx_word' id='word_1_78' title='bbox 116 2022 294 2104; x_wconf 85' lang='lat' dir='ltr'><strong>perquem</strong></span> <span class='ocrx_word' id='word_1_79' title='bbox 318 2019 430 2083; x_wconf 89' lang='lat' dir='ltr'><strong>omnia</strong></span> <span class='ocrx_word' id='word_1_80' title='bbox 457 2019 662 2097; x_wconf 85' lang='lat' dir='ltr'><strong>factasunt,</strong></span> <span class='ocrx_word' id='word_1_81' title='bbox 689 2039 861 2105; x_wconf 87' lang='lat' dir='ltr'><strong>perquem</strong></span> <span class='ocrx_word' id='word_1_82' title='bbox 886 2019 1075 2085; x_wconf 90' lang='lat' dir='ltr'><strong>subsistunt</strong></span> <span class='ocrx_word' id='word_1_83' title='bbox 1090 2020 1160 2084; x_wconf 89' lang='lat' dir='ltr'><strong>ele-</strong></span> 
     </span>
     <span class='ocr_line' id='line_1_15' title="bbox 116 2131 1159 2219; baseline 0.001 -22"><span class='ocrx_word' id='word_1_84' title='bbox 116 2137 245 2210; x_wconf 85' lang='lat' dir='ltr'><strong>menta,</strong></span> <span class='ocrx_word' id='word_1_85' title='bbox 272 2131 367 2216; x_wconf 86' lang='lat' dir='ltr'><strong>cujus</strong></span> <span class='ocrx_word' id='word_1_86' title='bbox 386 2133 546 2219; x_wconf 87' lang='lat' dir='ltr'><strong>majestas</strong></span> <span class='ocrx_word' id='word_1_87' title='bbox 564 2154 625 2198; x_wconf 90' lang='lat' dir='ltr'><strong>nec</strong></span> <span class='ocrx_word' id='word_1_88' title='bbox 646 2134 765 2219; x_wconf 85' lang='lat' dir='ltr'><strong>incipit</strong></span> <span class='ocrx_word' id='word_1_89' title='bbox 786 2154 847 2198; x_wconf 89' lang='lat' dir='ltr'><strong>nec</strong></span> <span class='ocrx_word' id='word_1_90' title='bbox 861 2133 985 2200; x_wconf 87' lang='lat' dir='ltr'><strong>desinit</strong></span> <span class='ocrx_word' id='word_1_91' title='bbox 1004 2134 1039 2197; x_wconf 91' lang='lat' dir='ltr'><strong>in</strong></span> <span class='ocrx_word' id='word_1_92' title='bbox 1063 2153 1159 2198; x_wconf 90' lang='lat' dir='ltr'><strong>secu-</strong></span> 
     </span>
     <span class='ocr_line' id='line_1_16' title="bbox 115 2246 1159 2334; baseline 0.003 -23"><span class='ocrx_word' id='word_1_93' title='bbox 115 2247 199 2323; x_wconf 92' lang='lat' dir='ltr'><strong>lum,</strong></span> <span class='ocrx_word' id='word_1_94' title='bbox 226 2246 315 2311; x_wconf 92' lang='lat' dir='ltr'><strong>unde</strong></span> <span class='ocrx_word' id='word_1_95' title='bbox 338 2248 459 2313; x_wconf 86' lang='grc'><strong>11161116</strong></span> <span class='ocrx_word' id='word_1_96' title='bbox 487 2248 691 2334; x_wconf 86' lang='lat' dir='ltr'><strong>principium</strong></span> <span class='ocrx_word' id='word_1_97' title='bbox 715 2268 754 2314; x_wconf 86' lang='lat' dir='ltr'><strong>ac</strong></span> <span class='ocrx_word' id='word_1_98' title='bbox 780 2248 857 2313; x_wconf 89' lang='lat' dir='ltr'><strong>finis</strong></span> <span class='ocrx_word' id='word_1_99' title='bbox 875 2249 983 2314; x_wconf 90' lang='lat' dir='ltr'><strong>omnis</strong></span> <span class='ocrx_word' id='word_1_100' title='bbox 1004 2252 1159 2314; x_wconf 80' lang='lat' dir='ltr'><strong>creature</strong></span> 
     </span>
     <span class='ocr_line' id='line_1_17' title="bbox 115 2360 1157 2449; baseline 0.002 -24"><span class='ocrx_word' id='word_1_101' title='bbox 115 2362 332 2438; x_wconf 85' lang='lat' dir='ltr'><strong>nominatur,</strong></span> <span class='ocrx_word' id='word_1_102' title='bbox 350 2366 388 2427; x_wconf 93' lang='lat' dir='ltr'><strong>ut</strong></span> <span class='ocrx_word' id='word_1_103' title='bbox 410 2360 451 2426; x_wconf 92' lang='lat' dir='ltr'><strong>de</strong></span> <span class='ocrx_word' id='word_1_104' title='bbox 473 2382 512 2428; x_wconf 91' lang='lat' dir='ltr'><strong>eo</strong></span> <span class='ocrx_word' id='word_1_105' title='bbox 531 2380 592 2449; x_wconf 90' lang='lat' dir='ltr'><strong>per</strong></span> <span class='ocrx_word' id='word_1_106' title='bbox 617 2364 792 2449; x_wconf 87' lang='lat' dir='ltr'><strong>quemdam</strong></span> <span class='ocrx_word' id='word_1_107' title='bbox 811 2363 1010 2449; x_wconf 87' lang='lat' dir='ltr'><strong>prudentem</strong></span> <span class='ocrx_word' id='word_1_108' title='bbox 1032 2363 1157 2430; x_wconf 89' lang='lat' dir='ltr'><strong>dictum</strong></span> 
     </span>
     <span class='ocr_line' id='line_1_18' title="bbox 116 2475 1155 2563; baseline 0.001 -23"><span class='ocrx_word' id='word_1_109' title='bbox 116 2481 193 2542; x_wconf 88' lang='lat' dir='ltr'><strong>est:</strong></span> <span class='ocrx_word' id='word_1_110' title='bbox 211 2475 328 2541; x_wconf 90' lang='lat' dir='ltr'><strong>Omnis</strong></span> <span class='ocrx_word' id='word_1_111' title='bbox 349 2477 626 2561; x_wconf 87' lang='lat' dir='ltr'><strong>sapientiaaDeo</strong></span> <span class='ocrx_word' id='word_1_112' title='bbox 643 2484 707 2556; x_wconf 89' lang='lat' dir='ltr'><strong>est,</strong></span> <span class='ocrx_word' id='word_1_113' title='bbox 725 2483 846 2545; x_wconf 90' lang='lat' dir='ltr'><strong>etcum</strong></span> <span class='ocrx_word' id='word_1_114' title='bbox 862 2478 920 2543; x_wconf 92' lang='lat' dir='ltr'><strong>illo</strong></span> <span class='ocrx_word' id='word_1_115' title='bbox 934 2477 998 2543; x_wconf 88' lang='lat' dir='ltr'><strong>fuit</strong></span> <span class='ocrx_word' id='word_1_116' title='bbox 1013 2497 1155 2563; x_wconf 87' lang='lat' dir='ltr'><strong>semper,</strong></span> 
     </span>
     <span class='ocr_line' id='line_1_19' title="bbox 114 2591 1156 2679; baseline -0.001 -23"><span class='ocrx_word' id='word_1_117' title='bbox 114 2596 151 2657; x_wconf 98' lang='grc'><strong>61</strong></span> <span class='ocrx_word' id='word_1_118' title='bbox 163 2596 216 2657; x_wconf 87' lang='grc'><strong>661</strong></span> <span class='ocrx_word' id='word_1_119' title='bbox 236 2591 552 2657; x_wconf 80' lang='grc'><strong>611166111101111116</strong></span> <span class='ocrx_word' id='word_1_120' title='bbox 568 2597 720 2679; x_wconf 86' lang='lat' dir='ltr'><strong>potestas</strong></span> <span class='ocrx_word' id='word_1_121' title='bbox 743 2593 778 2658; x_wconf 91' lang='lat' dir='ltr'><strong>in</strong></span> <span class='ocrx_word' id='word_1_122' title='bbox 799 2613 905 2658; x_wconf 88' lang='lat' dir='ltr'><strong>manu·</strong></span> <span class='ocrx_word' id='word_1_123' title='bbox 914 2593 973 2656; x_wconf 87' lang='lat' dir='ltr'><strong>Dei</strong></span> <span class='ocrx_word' id='word_1_124' title='bbox 986 2595 1048 2668; x_wconf 87' lang='lat' dir='ltr'><strong>est,</strong></span> <span class='ocrx_word' id='word_1_125' title='bbox 1062 2611 1156 2656; x_wconf 90' lang='lat' dir='ltr'><strong>nun-</strong></span> 
     </span>
     <span class='ocr_line' id='line_1_20' title="bbox 114 2705 1156 2793; baseline 0.001 -23"><span class='ocrx_word' id='word_1_126' title='bbox 114 2725 215 2790; x_wconf 89' lang='lat' dir='ltr'><strong>quam</strong></span> <span class='ocrx_word' id='word_1_127' title='bbox 231 2705 272 2770; x_wconf 91' lang='lat' dir='ltr'><strong>ab</strong></span> <span class='ocrx_word' id='word_1_128' title='bbox 292 2705 535 2791; x_wconf 84' lang='lat' dir='ltr'><strong>omnipotentia</strong></span> <span class='ocrx_word' id='word_1_129' title='bbox 549 2708 663 2775; x_wconf 85' lang='lat' dir='ltr'><strong>Patris</strong></span> <span class='ocrx_word' id='word_1_130' title='bbox 680 2713 715 2774; x_wconf 90' lang='lat' dir='ltr'><strong>et</strong></span> <span class='ocrx_word' id='word_1_131' title='bbox 735 2708 813 2772; x_wconf 85' lang='lat' dir='ltr'><strong>Filii</strong></span> <span class='ocrx_word' id='word_1_132' title='bbox 826 2713 860 2774; x_wconf 89' lang='lat' dir='ltr'><strong>et</strong></span> <span class='ocrx_word' id='word_1_133' title='bbox 875 2706 1156 2793; x_wconf 73' lang='lat' dir='ltr'><strong>Spiritus—Sancti</strong></span> 
     </span>
     <span class='ocr_line' id='line_1_21' title="bbox 113 2819 1204 2907; baseline -0.001 -22"><span class='ocrx_word' id='word_1_134' title='bbox 113 2824 167 2887; x_wconf 90' lang='grc'><strong>661</strong></span> <span class='ocrx_word' id='word_1_135' title='bbox 180 2820 331 2884; x_wconf 86' lang='lat' dir='ltr'><strong>discreta</strong></span> <span class='ocrx_word' id='word_1_136' title='bbox 349 2819 523 2904; x_wconf 68' lang='grc'><strong>1116166166,</strong></span> <span class='ocrx_word' id='word_1_137' title='bbox 547 2825 582 2887; x_wconf 89' lang='grc'><strong>61</strong></span> <span class='ocrx_word' id='word_1_138' title='bbox 603 2820 759 2906; x_wconf 90' lang='lat' dir='ltr'><strong>quicquid</strong></span> <span class='ocrx_word' id='word_1_139' title='bbox 782 2822 818 2886; x_wconf 93' lang='lat' dir='ltr'><strong>in</strong></span> <span class='ocrx_word' id='word_1_140' title='bbox 839 2819 1059 2907; x_wconf 88' lang='lat' dir='ltr'><strong>dispositione</strong></span> <span class='ocrx_word' id='word_1_141' title='bbox 1080 2821 1204 2886; x_wconf 74' lang='lat' dir='ltr'><strong>om-tt</strong></span> 
     </span>
     <span class='ocr_line' id='line_1_22' title="bbox 113 2934 1157 3020; baseline 0.003 -22"><span class='ocrx_word' id='word_1_142' title='bbox 113 2936 207 2999; x_wconf 90' lang='lat' dir='ltr'><strong>nium</strong></span> <span class='ocrx_word' id='word_1_143' title='bbox 236 2954 349 3013; x_wconf 88' lang='lat' dir='ltr'><strong>rerum</strong></span> <span class='ocrx_word' id='word_1_144' title='bbox 378 2935 450 3020; x_wconf 86' lang='lat' dir='ltr'><strong>agit</strong></span> <span class='ocrx_word' id='word_1_145' title='bbox 476 2934 591 3000; x_wconf 85' lang='lat' dir='ltr'><strong>divina</strong></span> <span class='ocrx_word' id='word_1_146' title='bbox 626 2936 825 3002; x_wconf 78' lang='lat' dir='ltr'><strong>moderatio,</strong></span> <span class='ocrx_word' id='word_1_147' title='bbox 852 2937 905 3001; x_wconf 84' lang='lat' dir='ltr'><strong>Ex</strong></span> <span class='ocrx_word' id='word_1_148' title='bbox 929 2937 1035 3002; x_wconf 88' lang='lat' dir='ltr'><strong>totius</strong></span> <span class='ocrx_word' id='word_1_149' title='bbox 1063 2937 1157 3002; x_wconf 84' lang='grc'><strong>161111</strong></span> 
     </span>
     <span class='ocr_line' id='line_1_23' title="bbox 39 3050 1157 3141; baseline 0.003 -27"><span class='ocrx_word' id='word_1_150' title='bbox 39 3107 43 3114; x_wconf 93' lang='grc'><em>.</em></span> <span class='ocrx_word' id='word_1_151' title='bbox 113 3051 296 3138; x_wconf 87' lang='lat' dir='ltr'><strong>prudentia</strong></span> <span class='ocrx_word' id='word_1_152' title='bbox 316 3050 512 3141; x_wconf 78' lang='grc' dir='ltr'><strong>Τ1111116116;</strong></span> <span class='ocrx_word' id='word_1_153' title='bbox 538 3071 606 3116; x_wconf 84' lang='lat' dir='ltr'><strong>una</strong></span> <span class='ocrx_word' id='word_1_154' title='bbox 621 3056 674 3117; x_wconf 91' lang='grc'><strong>661</strong></span> <span class='ocrx_word' id='word_1_155' title='bbox 693 3051 738 3116; x_wconf 90' lang='lat' dir='ltr'><strong>ibi</strong></span> <span class='ocrx_word' id='word_1_156' title='bbox 753 3051 945 3137; x_wconf 84' lang='lat' dir='ltr'><strong>benignitas</strong></span> <span class='ocrx_word' id='word_1_157' title='bbox 963 3053 1157 3118; x_wconf 88' lang='lat' dir='ltr'><strong>misericor-</strong></span> 
     </span>
     <span class='ocr_line' id='line_1_24' title="bbox 115 3165 1153 3252; baseline 0.003 -22"><span class='ocrx_word' id='word_1_158' title='bbox 115 3165 178 3247; x_wconf 86' lang='lat' dir='ltr'><strong>die,</strong></span> <span class='ocrx_word' id='word_1_159' title='bbox 206 3184 275 3229; x_wconf 87' lang='lat' dir='ltr'><strong>una</strong></span> <span class='ocrx_word' id='word_1_160' title='bbox 290 3169 342 3230; x_wconf 90' lang='lat' dir='ltr'><strong>est</strong></span> <span class='ocrx_word' id='word_1_161' title='bbox 358 3183 502 3231; x_wconf 87' lang='lat' dir='ltr'><strong>censura</strong></span> <span class='ocrx_word' id='word_1_162' title='bbox 515 3166 654 3252; x_wconf 89' lang='lat' dir='ltr'><strong>justicie</strong></span> <span class='ocrx_word' id='word_1_163' title='bbox 670 3187 732 3232; x_wconf 87' lang='lat' dir='ltr'><strong>nec</strong></span> <span class='ocrx_word' id='word_1_164' title='bbox 747 3166 873 3251; x_wconf 86' lang='lat' dir='ltr'><strong>aliquid</strong></span> <span class='ocrx_word' id='word_1_165' title='bbox 889 3173 942 3234; x_wconf 88' lang='lat' dir='ltr'><strong>est</strong></span> <span class='ocrx_word' id='word_1_166' title='bbox 961 3167 996 3232; x_wconf 93' lang='lat' dir='ltr'><strong>in</strong></span> <span class='ocrx_word' id='word_1_167' title='bbox 1019 3169 1153 3235; x_wconf 86' lang='lat' dir='ltr'><strong>actione</strong></span> 
     </span>
     <span class='ocr_line' id='line_1_25' title="bbox 115 3279 1155 3358; baseline 0.002 -12"><span class='ocrx_word' id='word_1_168' title='bbox 115 3281 272 3358; x_wconf 87' lang='lat' dir='ltr'><strong>divisum,</strong></span> <span class='ocrx_word' id='word_1_169' title='bbox 288 3279 344 3343; x_wconf 92' lang='lat' dir='ltr'><strong>ubi</strong></span> <span class='ocrx_word' id='word_1_170' title='bbox 358 3280 464 3344; x_wconf 90' lang='lat' dir='ltr'><strong>nichil</strong></span> <span class='ocrx_word' id='word_1_171' title='bbox 479 3282 578 3347; x_wconf 88' lang='lat' dir='ltr'><strong>estin</strong></span> <span class='ocrx_word' id='word_1_172' title='bbox 591 3283 766 3349; x_wconf 85' lang='lat' dir='ltr'><strong>voluntate</strong></span> <span class='ocrx_word' id='word_1_173' title='bbox 780 3282 962 3348; x_wconf 87' lang='lat' dir='ltr'><strong>diversum.</strong></span> <span class='ocrx_word' id='word_1_174' title='bbox 982 3283 1052 3358; x_wconf 85' lang='lat' dir='ltr'><strong>Que</strong></span> <span class='ocrx_word' id='word_1_175' title='bbox 1065 3284 1155 3348; x_wconf 91' lang='lat' dir='ltr'><strong>enim</strong></span> 
     </span>
     <span class='ocr_line' id='line_1_26' title="bbox 115 3395 1158 3483; baseline 0 -22"><span class='ocrx_word' id='word_1_176' title='bbox 115 3396 406 3471; x_wconf 86' lang='lat' dir='ltr'><strong>illuminatPater,</strong></span> <span class='ocrx_word' id='word_1_177' title='bbox 417 3395 586 3461; x_wconf 87' lang='lat' dir='ltr'><strong>illuminat</strong></span> <span class='ocrx_word' id='word_1_178' title='bbox 599 3397 718 3473; x_wconf 91' lang='lat' dir='ltr'><strong>Filius,</strong></span> <span class='ocrx_word' id='word_1_179' title='bbox 729 3396 897 3462; x_wconf 88' lang='lat' dir='ltr'><strong>illuminat</strong></span> <span class='ocrx_word' id='word_1_180' title='bbox 910 3397 1158 3483; x_wconf 86' lang='lat' dir='ltr'><strong>Spiritus-San·</strong></span> 
     </span>
     <span class='ocr_line' id='line_1_27' title="bbox 116 3510 1157 3595; baseline -0.003 -18"><span class='ocrx_word' id='word_1_181' title='bbox 116 3515 202 3577; x_wconf 88' lang='lat' dir='ltr'><strong>ctus.</strong></span> <span class='ocrx_word' id='word_1_182' title='bbox 218 3511 365 3594; x_wconf 86' lang='lat' dir='ltr'><strong>Cumque</strong></span> <span class='ocrx_word' id='word_1_183' title='bbox 379 3511 424 3576; x_wconf 87' lang='lat' dir='ltr'><strong>sit</strong></span> <span class='ocrx_word' id='word_1_184' title='bbox 435 3511 503 3575; x_wconf 89' lang='grc'><strong>6116</strong></span> <span class='ocrx_word' id='word_1_185' title='bbox 519 3529 663 3595; x_wconf 89' lang='lat' dir='ltr'><strong>persona</strong></span> <span class='ocrx_word' id='word_1_186' title='bbox 678 3510 788 3592; x_wconf 89' lang='lat' dir='ltr'><strong>missi,</strong></span> <span class='ocrx_word' id='word_1_187' title='bbox 806 3511 875 3577; x_wconf 87' lang='lat' dir='ltr'><strong>alia</strong></span> <span class='ocrx_word' id='word_1_188' title='bbox 893 3512 1072 3588; x_wconf 70' lang='lat' dir='ltr'><strong>mittentis</strong></span> <span class='ocrx_word' id='word_1_189' title='bbox 1089 3510 1157 3575; x_wconf 87' lang='lat' dir='ltr'><strong>alia</strong></span> 
     </span>
     <span class='ocr_line' id='line_1_28' title="bbox 116 3625 1156 3710; baseline 0 -21"><span class='ocrx_word' id='word_1_190' title='bbox 116 3626 358 3710; x_wconf 82' lang='lat' dir='ltr'><strong>promittentis,</strong></span> <span class='ocrx_word' id='word_1_191' title='bbox 377 3625 475 3690; x_wconf 87' lang='lat' dir='ltr'><strong>simul</strong></span> <span class='ocrx_word' id='word_1_192' title='bbox 491 3625 587 3691; x_wconf 89' lang='lat' dir='ltr'><strong>nobis</strong></span> <span class='ocrx_word' id='word_1_193' title='bbox 600 3631 635 3692; x_wconf 90' lang='lat' dir='ltr'><strong>et</strong></span> <span class='ocrx_word' id='word_1_194' title='bbox 650 3625 771 3693; x_wconf 79' lang='lat' dir='ltr'><strong>Unitas</strong></span> <span class='ocrx_word' id='word_1_195' title='bbox 788 3625 1028 3691; x_wconf 86' lang='lat' dir='ltr'><strong>manifestatur</strong></span> <span class='ocrx_word' id='word_1_196' title='bbox 1040 3628 1074 3690; x_wconf 89' lang='lat' dir='ltr'><strong>et</strong></span> <span class='ocrx_word' id='word_1_197' title='bbox 1084 3625 1156 3689; x_wconf 86' lang='lat' dir='ltr'><strong>Tri·</strong></span> 
     </span>
     <span class='ocr_line' id='line_1_29' title="bbox 116 3739 1156 3825; baseline -0.002 -21"><span class='ocrx_word' id='word_1_198' title='bbox 116 3741 218 3817; x_wconf 89' lang='lat' dir='ltr'><strong>nitas,</strong></span> <span class='ocrx_word' id='word_1_199' title='bbox 244 3743 281 3805; x_wconf 91' lang='lat' dir='ltr'><strong>ut</strong></span> <span class='ocrx_word' id='word_1_200' title='bbox 297 3739 449 3805; x_wconf 87' lang='lat' dir='ltr'><strong>essencia</strong></span> <span class='ocrx_word' id='word_1_201' title='bbox 466 3739 595 3805; x_wconf 85' lang='lat' dir='ltr'><strong>habeus</strong></span> <span class='ocrx_word' id='word_1_202' title='bbox 615 3741 832 3825; x_wconf 88' lang='lat' dir='ltr'><strong>equalitatem</strong></span> <span class='ocrx_word' id='word_1_203' title='bbox 849 3745 884 3806; x_wconf 97' lang='grc'><strong>61</strong></span> <span class='ocrx_word' id='word_1_204' title='bbox 907 3759 974 3803; x_wconf 90' lang='lat' dir='ltr'><strong>non</strong></span> <span class='ocrx_word' id='word_1_205' title='bbox 991 3739 1156 3823; x_wconf 88' lang='lat' dir='ltr'><strong>recipiens</strong></span> 
     </span>
     <span class='ocr_line' id='line_1_30' title="bbox 118 3852 1154 3940; baseline 0.002 -23"><span class='ocrx_word' id='word_1_206' title='bbox 118 3852 382 3929; x_wconf 88' lang='lat' dir='ltr'><strong>similitudinem,</strong></span> <span class='ocrx_word' id='word_1_207' title='bbox 401 3858 434 3919; x_wconf 90' lang='grc'><strong>61</strong></span> <span class='ocrx_word' id='word_1_208' title='bbox 450 3855 522 3940; x_wconf 90' lang='lat' dir='ltr'><strong>ejus</strong></span> <span class='ocrx_word' id='word_1_209' title='bbox 544 3855 732 3922; x_wconf 88' lang='lat' dir='ltr'><strong>substantie</strong></span> <span class='ocrx_word' id='word_1_210' title='bbox 751 3860 786 3922; x_wconf 89' lang='grc'><strong>61</strong></span> <span class='ocrx_word' id='word_1_211' title='bbox 801 3875 867 3920; x_wconf 91' lang='lat' dir='ltr'><strong>non</strong></span> <span class='ocrx_word' id='word_1_212' title='bbox 885 3853 1035 3940; x_wconf 89' lang='lat' dir='ltr'><strong>ejusdem</strong></span> <span class='ocrx_word' id='word_1_213' title='bbox 1051 3854 1154 3921; x_wconf 92' lang='lat' dir='ltr'><strong>intel-</strong></span> 
     </span>
     <span class='ocr_line' id='line_1_31' title="bbox 118 3968 1201 4062; baseline 0.005 -30"><span class='ocrx_word' id='word_1_214' title='bbox 118 3968 244 4057; x_wconf 84' lang='lat' dir='ltr'><strong>ligatur</strong></span> <span class='ocrx_word' id='word_1_215' title='bbox 279 3989 354 4034; x_wconf 88' lang='lat' dir='ltr'><strong>esse</strong></span> <span class='ocrx_word' id='word_1_216' title='bbox 389 3989 544 4062; x_wconf 86' lang='lat' dir='ltr'><strong>persone.</strong></span> <span class='ocrx_word' id='word_1_217' title='bbox 576 3970 670 4050; x_wconf 81' lang='lat' dir='ltr'><strong>Quod</strong></span> <span class='ocrx_word' id='word_1_218' title='bbox 692 3990 773 4061; x_wconf 80' lang='lat' dir='ltr'><strong>ergo</strong></span> <span class='ocrx_word' id='word_1_219' title='bbox 804 3969 898 4036; x_wconf 88' lang='lat' dir='ltr'><strong>salva</strong></span> <span class='ocrx_word' id='word_1_220' title='bbox 919 3968 1152 4057; x_wconf 85' lang='lat' dir='ltr'><strong>cooperatione</strong></span> <span class='ocrx_word' id='word_1_221' title='bbox 1162 3974 1201 4037; x_wconf 88' lang='grc'><strong>30</strong></span> 
     </span>
    </p>
   </div>
   <div class='ocr_carea' id='block_1_6' title="bbox 0 0 1397 4786">
    <p class='ocr_par' dir='ltr' id='par_1_9' title="bbox 0 0 1397 4786">
     <span class='ocr_line' id='line_1_32' title="bbox 0 0 1397 4786; baseline 0 0"><span class='ocrx_word' id='word_1_222' title='bbox 0 0 1397 4786; x_wconf 95' lang='lat' dir='ltr'><strong> </strong></span> 
     </span>
    </p>
   </div>
  </div>
 </body>
</html>
