<?xml version="1.0" encoding="UTF-8"?>
<!DOCTYPE html PUBLIC "-//W3C//DTD XHTML 1.0 Transitional//EN"
    "http://www.w3.org/TR/xhtml1/DTD/xhtml1-transitional.dtd">
<html xmlns="http://www.w3.org/1999/xhtml" xml:lang="en" lang="en">
 <head>
  <title>
</title>
<meta http-equiv="Content-Type" content="text/html;charset=utf-8" />
  <meta name='ocr-system' content='tesseract 3.04.00' />
  <meta name='ocr-capabilities' content='ocr_page ocr_carea ocr_par ocr_line ocrx_word'/>
</head>
<body>
  <div class='ocr_page' id='page_1' title='image "./lelivredesreliq00jullgoog_0114.png"; bbox 0 0 2790 4792; ppageno 0'>
   <div class='ocr_carea' id='block_1_1' title="bbox 581 369 756 436">
    <p class='ocr_par' dir='ltr' id='par_1_1' title="bbox 581 369 756 436">
     <span class='ocr_line' id='line_1_1' title="bbox 581 369 756 436; baseline -0.017 -13"><span class='ocrx_word' id='word_1_1' title='bbox 581 369 756 436; x_wconf 75' lang='lat'>..71-</span> 
     </span>
    </p>
   </div>
   <div class='ocr_carea' id='block_1_2' title="bbox 112 503 1237 3576">
    <p class='ocr_par' dir='ltr' id='par_1_2' title="bbox 112 503 1237 3576">
     <span class='ocr_line' id='line_1_2' title="bbox 142 503 1191 596; baseline -0.001 -19"><span class='ocrx_word' id='word_1_2' title='bbox 142 511 218 589; x_wconf 90' lang='lat' dir='ltr'>dus,</span> <span class='ocrx_word' id='word_1_3' title='bbox 238 511 383 576; x_wconf 88' lang='lat' dir='ltr'>Francio</span> <span class='ocrx_word' id='word_1_4' title='bbox 402 512 539 589; x_wconf 89' lang='lat' dir='ltr'>tercius,</span> <span class='ocrx_word' id='word_1_5' title='bbox 560 503 708 579; x_wconf 87' lang='lat' dir='ltr'>Torchot</span> <span class='ocrx_word' id='word_1_6' title='bbox 726 515 879 596; x_wconf 86' lang='lat' dir='ltr'>quartus.</span> <span class='ocrx_word' id='word_1_7' title='bbox 902 511 1027 577; x_wconf 79' lang='lat' dir='ltr'>Postea</span> <span class='ocrx_word' id='word_1_8' title='bbox 1048 510 1108 575; x_wconf 89' lang='lat' dir='ltr'>sub</span> <span class='ocrx_word' id='word_1_9' title='bbox 1123 510 1191 576; x_wconf 92' lang='lat' dir='ltr'>du·</span> 
     </span>
     <span class='ocr_line' id='line_1_3' title="bbox 143 623 1187 712; baseline -0.002 -20"><span class='ocrx_word' id='word_1_10' title='bbox 143 625 239 692; x_wconf 86' lang='lat' dir='ltr'>cibus</span> <span class='ocrx_word' id='word_1_11' title='bbox 262 645 403 712; x_wconf 84' lang='lat' dir='ltr'>regnum</span> <span class='ocrx_word' id='word_1_12' title='bbox 425 627 633 693; x_wconf 73' lang='lat' dir='ltr'><strong>Francorum</strong></span> <span class='ocrx_word' id='word_1_13' title='bbox 655 623 726 692; x_wconf 73' lang='lat' dir='ltr'>tuit</span> <span class='ocrx_word' id='word_1_14' title='bbox 752 645 856 710; x_wconf 85' lang='lat' dir='ltr'>usque</span> <span class='ocrx_word' id='word_1_15' title='bbox 881 623 922 690; x_wconf 88' lang='lat' dir='ltr'>ed</span> <span class='ocrx_word' id='word_1_16' title='bbox 950 624 1187 690; x_wconf 85' lang='lat' dir='ltr'>Marcomirem</span> 
     </span>
     <span class='ocr_line' id='line_1_4' title="bbox 141 737 1187 826; baseline 0 -22"><span class='ocrx_word' id='word_1_17' title='bbox 141 759 258 826; x_wconf 82' lang='lat' dir='ltr'>regem</span> <span class='ocrx_word' id='word_1_18' title='bbox 280 740 447 826; x_wconf 86' lang='lat' dir='ltr'>quintum,</span> <span class='ocrx_word' id='word_1_19' title='bbox 471 741 528 826; x_wconf 92' lang='lat' dir='ltr'>qui</span> <span class='ocrx_word' id='word_1_20' title='bbox 551 743 650 826; x_wconf 86' lang='lat' dir='ltr'>pater</span> <span class='ocrx_word' id='word_1_21' title='bbox 672 738 737 806; x_wconf 89' lang='lat' dir='ltr'>fuit</span> <span class='ocrx_word' id='word_1_22' title='bbox 756 737 959 804; x_wconf 85' lang='lat' dir='ltr'>Feramondi</span> <span class='ocrx_word' id='word_1_23' title='bbox 985 737 1187 804; x_wconf 84' lang='lat' dir='ltr'>nobilissimi</span> 
     </span>
     <span class='ocr_line' id='line_1_5' title="bbox 142 852 1189 942; baseline -0.001 -22"><span class='ocrx_word' id='word_1_24' title='bbox 142 855 237 942; x_wconf 87' lang='lat' dir='ltr'>regis</span> <span class='ocrx_word' id='word_1_25' title='bbox 262 854 303 920; x_wconf 95' lang='lat' dir='ltr'>de</span> <span class='ocrx_word' id='word_1_26' title='bbox 330 854 435 940; x_wconf 82' lang='lat' dir='ltr'>stirpe</span> <span class='ocrx_word' id='word_1_27' title='bbox 466 855 606 922; x_wconf 83' lang='lat' dir='ltr'>Priami.</span> <span class='ocrx_word' id='word_1_28' title='bbox 638 854 703 920; x_wconf 92' lang='lat' dir='ltr'>Hic</span> <span class='ocrx_word' id='word_1_29' title='bbox 730 852 965 918; x_wconf 83' lang='lat' dir='ltr'>Faremundus</span> <span class='ocrx_word' id='word_1_30' title='bbox 993 852 1189 920; x_wconf 83' lang='lat' dir='ltr'>Clodionem</span> 
     </span>
     <span class='ocr_line' id='line_1_6' title="bbox 138 966 1186 1056; baseline -0.002 -21"><span class='ocrx_word' id='word_1_31' title='bbox 138 989 256 1056; x_wconf 83' lang='lat' dir='ltr'>regem</span> <span class='ocrx_word' id='word_1_32' title='bbox 266 968 395 1056; x_wconf 82' lang='lat' dir='ltr'>genuit,</span> <span class='ocrx_word' id='word_1_33' title='bbox 409 967 524 1035; x_wconf 88' lang='lat' dir='ltr'>Clodio</span> <span class='ocrx_word' id='word_1_34' title='bbox 532 969 738 1050; x_wconf 88' lang='lat' dir='ltr'>Meroveum,</span> <span class='ocrx_word' id='word_1_35' title='bbox 754 968 930 1033; x_wconf 88' lang='lat' dir='ltr'>Meroveus</span> <span class='ocrx_word' id='word_1_36' title='bbox 941 966 1186 1053; x_wconf 87' lang='lat' dir='ltr'>Chilpericum‚</span> 
     </span>
     <span class='ocr_line' id='line_1_7' title="bbox 139 1059 1189 1171; baseline -0.001 -21"><span class='ocrx_word' id='word_1_37' title='bbox 139 1059 351 1169; x_wconf 86' lang='lat' dir='ltr'>Chilpericus</span> <span class='ocrx_word' id='word_1_38' title='bbox 364 1083 578 1162; x_wconf 72' lang='lat' dir='ltr'>clodoveum,</span> <span class='ocrx_word' id='word_1_39' title='bbox 596 1083 740 1169; x_wconf 89' lang='lat' dir='ltr'>primum</span> <span class='ocrx_word' id='word_1_40' title='bbox 754 1081 978 1149; x_wconf 84' lang='lat' dir='ltr'>christianum</span> <span class='ocrx_word' id='word_1_41' title='bbox 992 1101 1035 1147; x_wconf 83' lang='lat' dir='ltr'>ex</span> <span class='ocrx_word' id='word_1_42' title='bbox 1051 1082 1189 1171; x_wconf 84' lang='lat' dir='ltr'>regibus</span> 
     </span>
     <span class='ocr_line' id='line_1_8' title="bbox 139 1178 1188 1286; baseline 0 -23"><span class='ocrx_word' id='word_1_43' title='bbox 139 1200 349 1265; x_wconf 85' lang='lat' dir='ltr'>Francorum</span> <span class='ocrx_word' id='word_1_44' title='bbox 362 1217 383 1264; x_wconf 85' lang='lat' dir='ltr'><strong>a</strong></span> <span class='ocrx_word' id='word_1_45' title='bbox 394 1197 493 1265; x_wconf 83' lang='lat' dir='ltr'>beato</span> <span class='ocrx_word' id='word_1_46' title='bbox 508 1199 660 1286; x_wconf 83' lang='lat' dir='ltr'>Remigio</span> <span class='ocrx_word' id='word_1_47' title='bbox 674 1178 894 1285; x_wconf 79' lang='lat' dir='ltr'>baptizatum.</span> <span class='ocrx_word' id='word_1_48' title='bbox 910 1196 1095 1263; x_wconf 85' lang='lat' dir='ltr'>Clodoveus</span> <span class='ocrx_word' id='word_1_49' title='bbox 1107 1217 1188 1264; x_wconf 81' lang='lat' dir='ltr'>vero</span> 
     </span>
     <span class='ocr_line' id='line_1_9' title="bbox 139 1310 1188 1399; baseline -0.002 -20"><span class='ocrx_word' id='word_1_50' title='bbox 139 1312 446 1379; x_wconf 84' lang='lat' dir='ltr'>christianissimus</span> <span class='ocrx_word' id='word_1_51' title='bbox 457 1317 601 1399; x_wconf 82' lang='lat' dir='ltr'>quatuor</span> <span class='ocrx_word' id='word_1_52' title='bbox 618 1311 737 1379; x_wconf 84' lang='lat' dir='ltr'>habuit</span> <span class='ocrx_word' id='word_1_53' title='bbox 749 1311 837 1377; x_wconf 86' lang='lat' dir='ltr'>filios</span> <span class='ocrx_word' id='word_1_54' title='bbox 848 1310 1089 1377; x_wconf 86' lang='lat' dir='ltr'>Theodericum</span> <span class='ocrx_word' id='word_1_55' title='bbox 1097 1311 1188 1377; x_wconf 86' lang='lat' dir='ltr'>vide·</span> 
     </span>
     <span class='ocr_line' id='line_1_10' title="bbox 139 1424 1186 1514; baseline 0.002 -24"><span class='ocrx_word' id='word_1_56' title='bbox 139 1427 235 1504; x_wconf 89' lang='lat' dir='ltr'>licet,</span> <span class='ocrx_word' id='word_1_57' title='bbox 251 1425 740 1514; x_wconf 70' lang='lat' dir='ltr'>clodomirum,:ohidebertum</span> <span class='ocrx_word' id='word_1_58' title='bbox 756 1431 790 1493; x_wconf 87' lang='lat' dir='ltr'>et</span> <span class='ocrx_word' id='word_1_59' title='bbox 802 1425 1001 1505; x_wconf 86' lang='lat' dir='ltr'>Clotarium,</span> <span class='ocrx_word' id='word_1_60' title='bbox 1016 1424 1186 1513; x_wconf 85' lang='lat' dir='ltr'>filiamque</span> 
     </span>
     <span class='ocr_line' id='line_1_11' title="bbox 139 1538 1237 1626; baseline -0.005 -21"><span class='ocrx_word' id='word_1_61' title='bbox 139 1539 421 1607; x_wconf 87' lang='lat' dir='ltr'>Theodechildem</span> <span class='ocrx_word' id='word_1_62' title='bbox 445 1542 656 1626; x_wconf 90' lang='lat' dir='ltr'>nomineque</span> <span class='ocrx_word' id='word_1_63' title='bbox 671 1539 763 1607; x_wconf 85' lang='lat' dir='ltr'>infra</span> <span class='ocrx_word' id='word_1_64' title='bbox 775 1560 882 1607; x_wconf 83' lang='lat' dir='ltr'>annos</span> <span class='ocrx_word' id='word_1_65' title='bbox 893 1541 1040 1626; x_wconf 87' lang='lat' dir='ltr'>pueriles</span> <span class='ocrx_word' id='word_1_66' title='bbox 1055 1541 1184 1607; x_wconf 88' lang='lat' dir='ltr'>consti·</span> <span class='ocrx_word' id='word_1_67' title='bbox 1199 1538 1237 1601; x_wconf 89' lang='grc'>10</span> 
     </span>
     <span class='ocr_line' id='line_1_12' title="bbox 138 1654 1186 1743; baseline 0.001 -21"><span class='ocrx_word' id='word_1_68' title='bbox 138 1660 218 1722; x_wconf 87' lang='lat' dir='ltr'>tuta</span> <span class='ocrx_word' id='word_1_69' title='bbox 237 1654 340 1721; x_wconf 90' lang='lat' dir='ltr'>D&#39;eum</span> <span class='ocrx_word' id='word_1_70' title='bbox 354 1656 462 1721; x_wconf 90' lang='lat' dir='ltr'>colere</span> <span class='ocrx_word' id='word_1_71' title='bbox 479 1655 610 1724; x_wconf 78' lang='lat' dir='ltr'>studuit</span> <span class='ocrx_word' id='word_1_72' title='bbox 622 1660 656 1723; x_wconf 91' lang='lat' dir='ltr'>et</span> <span class='ocrx_word' id='word_1_73' title='bbox 672 1676 800 1722; x_wconf 82' lang='lat' dir='ltr'>amare.</span> <span class='ocrx_word' id='word_1_74' title='bbox 817 1655 945 1722; x_wconf 90' lang='lat' dir='ltr'>Videns</span> <span class='ocrx_word' id='word_1_75' title='bbox 962 1660 1074 1722; x_wconf 83' lang='lat' dir='ltr'>autem</span> <span class='ocrx_word' id='word_1_76' title='bbox 1089 1661 1186 1743; x_wconf 85' lang='lat' dir='ltr'>pater</span> 
     </span>
     <span class='ocr_line' id='line_1_13' title="bbox 138 1762 1186 1858; baseline 0.002 -21"><span class='ocrx_word' id='word_1_77' title='bbox 138 1774 276 1838; x_wconf 84' lang='lat' dir='ltr'>tentum</span> <span class='ocrx_word' id='word_1_78' title='bbox 303 1790 452 1836; x_wconf 82' lang='lat' dir='ltr'>amorem</span> <span class='ocrx_word' id='word_1_79' title='bbox 479 1772 539 1837; x_wconf 89' lang='lat' dir='ltr'>Dei</span> <span class='ocrx_word' id='word_1_80' title='bbox 567 1773 602 1836; x_wconf 92' lang='lat' dir='ltr'>in</span> <span class='ocrx_word' id='word_1_81' title='bbox 628 1771 737 1857; x_wconf 89' lang='lat' dir='ltr'>puelle</span> <span class='ocrx_word' id='word_1_82' title='bbox 764 1762 1070 1850; x_wconf 47' lang='lat' dir='ltr'>enimo‘crescere,</span> <span class='ocrx_word' id='word_1_83' title='bbox 1098 1774 1186 1858; x_wconf 87' lang='lat' dir='ltr'>cepit</span> 
     </span>
     <span class='ocr_line' id='line_1_14' title="bbox 138 1873 1185 1974; baseline 0.002 -23"><span class='ocrx_word' id='word_1_84' title='bbox 138 1905 216 1958; x_wconf 82' lang='lat' dir='ltr'>eum</span> <span class='ocrx_word' id='word_1_85' title='bbox 231 1873 373 1972; x_wconf 84' lang='lat' dir='ltr'>amplius</span> <span class='ocrx_word' id='word_1_86' title='bbox 386 1886 544 1953; x_wconf 85' lang='lat' dir='ltr'>adamare</span> <span class='ocrx_word' id='word_1_87' title='bbox 561 1892 594 1954; x_wconf 91' lang='lat' dir='ltr'>et</span> <span class='ocrx_word' id='word_1_88' title='bbox 609 1887 651 1952; x_wconf 87' lang='lat' dir='ltr'>ad</span> <span class='ocrx_word' id='word_1_89' title='bbox 668 1888 877 1974; x_wconf 85' lang='lat' dir='ltr'>virginitatis</span> <span class='ocrx_word' id='word_1_90' title='bbox 892 1887 994 1953; x_wconf 90' lang='lat' dir='ltr'>decus</span> <span class='ocrx_word' id='word_1_91' title='bbox 1006 1887 1185 1954; x_wconf 86' lang='lat' dir='ltr'>observan-</span> 
     </span>
     <span class='ocr_line' id='line_1_15' title="bbox 138 1999 1180 2088; baseline 0.004 -23"><span class='ocrx_word' id='word_1_92' title='bbox 138 1999 221 2065; x_wconf 90' lang='lat' dir='ltr'>dum</span> <span class='ocrx_word' id='word_1_93' title='bbox 241 1999 408 2087; x_wconf 84' lang='lat' dir='ltr'>frequenti</span> <span class='ocrx_word' id='word_1_94' title='bbox 423 2002 636 2067; x_wconf 84' lang='lat' dir='ltr'>exortatione</span> <span class='ocrx_word' id='word_1_95' title='bbox 656 2007 797 2088; x_wconf 82' lang='lat' dir='ltr'>paterne</span> <span class='ocrx_word' id='word_1_96' title='bbox 814 2001 992 2088; x_wconf 86' lang='lat' dir='ltr'>diligentia</span> <span class='ocrx_word' id='word_1_97' title='bbox 1012 2007 1180 2069; x_wconf 84' lang='lat' dir='ltr'>exortare.</span> 
     </span>
     <span class='ocr_line' id='line_1_16' title="bbox 137 2103 1183 2202; baseline 0.004 -23"><span class='ocrx_word' id='word_1_98' title='bbox 137 2115 211 2189; x_wconf 82' lang='lat' dir='ltr'>Quo</span> <span class='ocrx_word' id='word_1_99' title='bbox 228 2103 498 2202; x_wconf 82' lang='lat' dir='ltr'>obtemperanter</span> <span class='ocrx_word' id='word_1_100' title='bbox 510 2114 692 2182; x_wconf 83' lang='lat' dir='ltr'>obaudiens</span> <span class='ocrx_word' id='word_1_101' title='bbox 707 2117 900 2183; x_wconf 85' lang='lat' dir='ltr'>voluntarie</span> <span class='ocrx_word' id='word_1_102' title='bbox 915 2136 951 2182; x_wconf 93' lang='lat' dir='ltr'>se</span> <span class='ocrx_word' id='word_1_103' title='bbox 968 2118 1026 2183; x_wconf 87' lang='lat' dir='ltr'>Dei</span> <span class='ocrx_word' id='word_1_104' title='bbox 1041 2119 1183 2183; x_wconf 89' lang='lat' dir='ltr'>servicio</span> 
     </span>
     <span class='ocr_line' id='line_1_17' title="bbox 138 2230 1184 2317; baseline 0.004 -23"><span class='ocrx_word' id='word_1_105' title='bbox 138 2234 257 2296; x_wconf 86' lang='lat' dir='ltr'>votum</span> <span class='ocrx_word' id='word_1_106' title='bbox 277 2231 448 2297; x_wconf 84' lang='lat' dir='ltr'>castitatis</span> <span class='ocrx_word' id='word_1_107' title='bbox 469 2230 622 2296; x_wconf 79' lang='lat' dir='ltr'>iaciendo</span> <span class='ocrx_word' id='word_1_108' title='bbox 643 2232 730 2317; x_wconf 92' lang='lat' dir='ltr'>cepit</span> <span class='ocrx_word' id='word_1_109' title='bbox 754 2231 917 2317; x_wconf 86' lang='lat' dir='ltr'>ampliare</span> <span class='ocrx_word' id='word_1_110' title='bbox 945 2231 1041 2298; x_wconf 87' lang='lat' dir='ltr'>etad</span> <span class='ocrx_word' id='word_1_111' title='bbox 1066 2254 1184 2298; x_wconf 88' lang='lat' dir='ltr'>cumu-</span> 
     </span>
     <span class='ocr_line' id='line_1_18' title="bbox 138 2343 1184 2432; baseline 0.006 -24"><span class='ocrx_word' id='word_1_112' title='bbox 138 2345 211 2408; x_wconf 92' lang='lat' dir='ltr'>lum</span> <span class='ocrx_word' id='word_1_113' title='bbox 228 2365 287 2409; x_wconf 91' lang='lat' dir='ltr'>sue</span> <span class='ocrx_word' id='word_1_114' title='bbox 307 2343 523 2430; x_wconf 89' lang='lat' dir='ltr'>perfectionis</span> <span class='ocrx_word' id='word_1_115' title='bbox 543 2345 771 2411; x_wconf 84' lang='lat' dir='ltr'>misericordie</span> <span class='ocrx_word' id='word_1_116' title='bbox 796 2346 951 2432; x_wconf 89' lang='lat' dir='ltr'>operibus</span> <span class='ocrx_word' id='word_1_117' title='bbox 970 2347 1131 2413; x_wconf 84' lang='lat' dir='ltr'>insistere</span> <span class='ocrx_word' id='word_1_118' title='bbox 1149 2353 1184 2414; x_wconf 91' lang='lat' dir='ltr'>et</span> 
     </span>
     <span class='ocr_line' id='line_1_19' title="bbox 112 2439 1183 2547; baseline 0.002 -22"><span class='ocrx_word' id='word_1_119' title='bbox 112 2439 324 2546; x_wconf 24' lang='lat' dir='ltr'>&#39;pauperum</span> <span class='ocrx_word' id='word_1_120' title='bbox 354 2459 594 2526; x_wconf 83' lang='lat' dir='ltr'>misericordiis</span> <span class='ocrx_word' id='word_1_121' title='bbox 628 2460 799 2527; x_wconf 82' lang='lat' dir='ltr'>insudare.</span> <span class='ocrx_word' id='word_1_122' title='bbox 831 2463 934 2528; x_wconf 87' lang='lat' dir='ltr'>Pater</span> <span class='ocrx_word' id='word_1_123' title='bbox 962 2480 1042 2526; x_wconf 87' lang='lat' dir='ltr'>vero</span> <span class='ocrx_word' id='word_1_124' title='bbox 1075 2463 1183 2547; x_wconf 88' lang='lat' dir='ltr'>ipsius</span> 
     </span>
     <span class='ocr_line' id='line_1_20' title="bbox 138 2572 1179 2661; baseline 0.002 -22"><span class='ocrx_word' id='word_1_125' title='bbox 138 2574 251 2659; x_wconf 87' lang='lat' dir='ltr'>puelle</span> <span class='ocrx_word' id='word_1_126' title='bbox 265 2573 362 2642; x_wconf 88' lang='lat' dir='ltr'>bonis</span> <span class='ocrx_word' id='word_1_127' title='bbox 379 2572 536 2660; x_wconf 86' lang='lat' dir='ltr'>operibus</span> <span class='ocrx_word' id='word_1_128' title='bbox 566 2574 751 2642; x_wconf 84' lang='lat' dir='ltr'>delectatus</span> <span class='ocrx_word' id='word_1_129' title='bbox 772 2574 866 2642; x_wconf 90' lang='lat' dir='ltr'>dedit</span> <span class='ocrx_word' id='word_1_130' title='bbox 886 2576 916 2639; x_wconf 92' lang='lat' dir='ltr'>ei</span> <span class='ocrx_word' id='word_1_131' title='bbox 936 2577 1179 2661; x_wconf 90' lang='lat' dir='ltr'>possessiones,</span> 
     </span>
     <span class='ocr_line' id='line_1_21' title="bbox 136 2664 1231 2775; baseline 0.003 -22"><span class='ocrx_word' id='word_1_132' title='bbox 136 2664 344 2775; x_wconf 89' lang='lat' dir='ltr'>promittens</span> <span class='ocrx_word' id='word_1_133' title='bbox 360 2689 525 2775; x_wconf 82' lang='lat' dir='ltr'>ampliora</span> <span class='ocrx_word' id='word_1_134' title='bbox 540 2690 569 2753; x_wconf 88' lang='lat' dir='ltr'>si</span> <span class='ocrx_word' id='word_1_135' title='bbox 581 2689 724 2774; x_wconf 83' lang='lat' dir='ltr'>inceptis</span> <span class='ocrx_word' id='word_1_136' title='bbox 739 2689 1030 2775; x_wconf 85' lang='lat' dir='ltr'>perseverantiam</span> <span class='ocrx_word' id='word_1_137' title='bbox 1046 2691 1168 2756; x_wconf 84' lang='lat' dir='ltr'>exhibe</span> <span class='ocrx_word' id='word_1_138' title='bbox 1193 2693 1231 2756; x_wconf 69' lang='lat'>20</span> 
     </span>
     <span class='ocr_line' id='line_1_22' title="bbox 138 2802 1181 2891; baseline 0.004 -23"><span class='ocrx_word' id='word_1_139' title='bbox 138 2808 207 2870; x_wconf 89' lang='lat' dir='ltr'>ret.</span> <span class='ocrx_word' id='word_1_140' title='bbox 232 2803 309 2868; x_wconf 90' lang='lat' dir='ltr'>Hiis</span> <span class='ocrx_word' id='word_1_141' title='bbox 338 2802 435 2869; x_wconf 88' lang='lat' dir='ltr'>bonis</span> <span class='ocrx_word' id='word_1_142' title='bbox 454 2803 610 2889; x_wconf 89' lang='lat' dir='ltr'>operibus</span> <span class='ocrx_word' id='word_1_143' title='bbox 634 2824 855 2890; x_wconf 86' lang='lat' dir='ltr'>perseverans</span> <span class='ocrx_word' id='word_1_144' title='bbox 882 2805 1036 2891; x_wconf 89' lang='lat' dir='ltr'>predicta</span> <span class='ocrx_word' id='word_1_145' title='bbox 1063 2811 1181 2874; x_wconf 85' lang='lat' dir='ltr'>sancta</span> 
     </span>
     <span class='ocr_line' id='line_1_23' title="bbox 138 2915 1181 3006; baseline 0.004 -25"><span class='ocrx_word' id='word_1_146' title='bbox 138 2915 397 2982; x_wconf 86' lang='lat' dir='ltr'>Theodcchildis</span> <span class='ocrx_word' id='word_1_147' title='bbox 416 2917 590 2984; x_wconf 87' lang='lat' dir='ltr'>voluntate</span> <span class='ocrx_word' id='word_1_148' title='bbox 613 2919 720 3004; x_wconf 86' lang='lat' dir='ltr'>patris</span> <span class='ocrx_word' id='word_1_149' title='bbox 745 2919 797 2983; x_wconf 90' lang='lat' dir='ltr'>sui</span> <span class='ocrx_word' id='word_1_150' title='bbox 821 2921 909 3006; x_wconf 90' lang='lat' dir='ltr'>cepit</span> <span class='ocrx_word' id='word_1_151' title='bbox 934 2919 1090 2986; x_wconf 85' lang='lat' dir='ltr'>edificare</span> <span class='ocrx_word' id='word_1_152' title='bbox 1107 2941 1181 2985; x_wconf 92' lang='lat' dir='ltr'>mo-</span> 
     </span>
     <span class='ocr_line' id='line_1_24' title="bbox 138 3031 1180 3121; baseline 0.007 -27"><span class='ocrx_word' id='word_1_153' title='bbox 138 3032 327 3098; x_wconf 85' lang='lat' dir='ltr'>nasterium</span> <span class='ocrx_word' id='word_1_154' title='bbox 341 3031 457 3098; x_wconf 86' lang='lat' dir='ltr'>Sancti</span> <span class='ocrx_word' id='word_1_155' title='bbox 476 3032 571 3099; x_wconf 93' lang='lat' dir='ltr'>Petri</span> <span class='ocrx_word' id='word_1_156' title='bbox 589 3035 624 3098; x_wconf 89' lang='lat' dir='ltr'>in</span> <span class='ocrx_word' id='word_1_157' title='bbox 643 3035 717 3100; x_wconf 84' lang='lat' dir='ltr'>vico</span> <span class='ocrx_word' id='word_1_158' title='bbox 733 3035 788 3119; x_wconf 93' lang='lat' dir='ltr'>qui</span> <span class='ocrx_word' id='word_1_159' title='bbox 808 3035 914 3100; x_wconf 85' lang='lat' dir='ltr'>Vivus</span> <span class='ocrx_word' id='word_1_160' title='bbox 937 3034 1073 3113; x_wconf 91' lang='lat' dir='ltr'>dicitur,</span> <span class='ocrx_word' id='word_1_161' title='bbox 1094 3035 1180 3121; x_wconf 89' lang='lat' dir='ltr'>quod</span> 
     </span>
     <span class='ocr_line' id='line_1_25' title="bbox 139 3145 1181 3236; baseline 0.007 -26"><span class='ocrx_word' id='word_1_162' title='bbox 139 3145 294 3232; x_wconf 86' lang='lat' dir='ltr'>perfecit,</span> <span class='ocrx_word' id='word_1_163' title='bbox 334 3147 475 3216; x_wconf 89' lang='lat' dir='ltr'>Domino</span> <span class='ocrx_word' id='word_1_164' title='bbox 513 3147 727 3225; x_wconf 90' lang='lat' dir='ltr'>concedente,</span> <span class='ocrx_word' id='word_1_165' title='bbox 773 3146 962 3236; x_wconf 89' lang='lat' dir='ltr'>ibidemque</span> <span class='ocrx_word' id='word_1_166' title='bbox 999 3152 1181 3217; x_wconf 86' lang='lat' dir='ltr'>monachos</span> 
     </span>
     <span class='ocr_line' id='line_1_26' title="bbox 139 3261 1182 3346; baseline 0.003 -22"><span class='ocrx_word' id='word_1_167' title='bbox 139 3261 292 3329; x_wconf 90' lang='lat' dir='ltr'>instituit</span> <span class='ocrx_word' id='word_1_168' title='bbox 316 3262 373 3346; x_wconf 93' lang='lat' dir='ltr'>qui</span> <span class='ocrx_word' id='word_1_169' title='bbox 393 3262 459 3326; x_wconf 89' lang='lat' dir='ltr'>Deo</span> <span class='ocrx_word' id='word_1_170' title='bbox 480 3261 690 3331; x_wconf 82' lang='lat' dir='ltr'>deservirent</span> <span class='ocrx_word' id='word_1_171' title='bbox 712 3263 854 3330; x_wconf 87' lang='lat' dir='ltr'>vivendo</span> <span class='ocrx_word' id='word_1_172' title='bbox 880 3263 940 3328; x_wconf 92' lang='lat' dir='ltr'>sub</span> <span class='ocrx_word' id='word_1_173' title='bbox 961 3263 1093 3331; x_wconf 84' lang='lat' dir='ltr'>abbatis</span> <span class='ocrx_word' id='word_1_174' title='bbox 1117 3266 1182 3328; x_wconf 89' lang='lat' dir='ltr'>im-</span> 
     </span>
     <span class='ocr_line' id='line_1_27' title="bbox 138 3374 1182 3462; baseline 0.005 -22"><span class='ocrx_word' id='word_1_175' title='bbox 138 3377 232 3462; x_wconf 92' lang='lat' dir='ltr'>perio</span> <span class='ocrx_word' id='word_1_176' title='bbox 256 3374 440 3441; x_wconf 84' lang='lat' dir='ltr'>secundum</span> <span class='ocrx_word' id='word_1_177' title='bbox 469 3397 621 3442; x_wconf 88' lang='lat' dir='ltr'>normam</span> <span class='ocrx_word' id='word_1_178' title='bbox 648 3378 876 3445; x_wconf 84' lang='lat' dir='ltr'>Leuxovensis</span> <span class='ocrx_word' id='word_1_179' title='bbox 905 3380 1101 3445; x_wconf 87' lang='lat' dir='ltr'>monasterii</span> <span class='ocrx_word' id='word_1_180' title='bbox 1125 3400 1182 3445; x_wconf 92' lang='lat' dir='ltr'>re-</span> 
     </span>
     <span class='ocr_line' id='line_1_28' title="bbox 137 3490 303 3576; baseline 0.012 -22"><span class='ocrx_word' id='word_1_181' title='bbox 137 3490 303 3576; x_wconf 83' lang='lat' dir='ltr'>guiarem.</span> 
     </span>
    </p>
   </div>
   <div class='ocr_carea' id='block_1_3' title="bbox 382 3740 935 3790">
    <p class='ocr_par' dir='ltr' id='par_1_3' title="bbox 382 3740 935 3790">
     <span class='ocr_line' id='line_1_29' title="bbox 382 3740 935 3790; baseline -0.004 -2"><span class='ocrx_word' id='word_1_182' title='bbox 382 3741 425 3788; x_wconf 83' lang='lat' dir='ltr'>DE</span> <span class='ocrx_word' id='word_1_183' title='bbox 448 3741 573 3788; x_wconf 84' lang='lat' dir='ltr'>BASOLO</span> <span class='ocrx_word' id='word_1_184' title='bbox 597 3741 685 3790; x_wconf 76' lang='lat' dir='ltr'>DUCE</span> <span class='ocrx_word' id='word_1_185' title='bbox 707 3743 750 3789; x_wconf 83' lang='grc' dir='ltr'>ΕΤ</span> <span class='ocrx_word' id='word_1_186' title='bbox 774 3740 935 3788; x_wconf 78' lang='grc' dir='ltr'><strong>ΜΟΝΑΟΗΟ</strong></span> 
     </span>
    </p>
   </div>
   <div class='ocr_carea' id='block_1_4' title="bbox 180 3936 1178 4046">
    <p class='ocr_par' dir='ltr' id='par_1_4' title="bbox 180 3936 1178 4046">
     <span class='ocr_line' id='line_1_30' title="bbox 180 3936 1178 4046; baseline 0.006 -25"><span class='ocrx_word' id='word_1_187' title='bbox 180 3954 365 4022; x_wconf 84' lang='lat' dir='ltr'>Debellatis</span> <span class='ocrx_word' id='word_1_188' title='bbox 381 3959 492 4024; x_wconf 84' lang='lat' dir='ltr'>autem</span> <span class='ocrx_word' id='word_1_189' title='bbox 505 3936 690 4025; x_wconf 88' lang='lat' dir='ltr'>Clodoveus</span> <span class='ocrx_word' id='word_1_190' title='bbox 704 3964 810 4046; x_wconf 86' lang='lat' dir='ltr'>pater</span> <span class='ocrx_word' id='word_1_191' title='bbox 822 3963 937 4027; x_wconf 86' lang='lat' dir='ltr'>sancte</span> <span class='ocrx_word' id='word_1_192' title='bbox 956 3959 1178 4027; x_wconf 86' lang='lat' dir='ltr'>Theodechil-</span> 
     </span>
    </p>
   </div>
   <div class='ocr_carea' id='block_1_5' title="bbox 0 0 1404 4792">
    <p class='ocr_par' dir='ltr' id='par_1_5' title="bbox 0 0 1404 4792">
     <span class='ocr_line' id='line_1_31' title="bbox 0 0 1404 4792; baseline 0 0"><span class='ocrx_word' id='word_1_193' title='bbox 0 0 1404 4792; x_wconf 95' lang='lat' dir='ltr'> </span> 
     </span>
    </p>
   </div>
  </div>
 </body>
</html>
