2790 4792
601 430 816 529 -2714

177 600 251 668 rum
282 589 405 683 choris,
437 601 578 690 quadam
596 604 732 691 speciali
764 603 890 690 gracia,
915 622 988 669 eam
1008 599 1162 668 dedicare
1181 606 1216 669 et

179 718 390 786 sanctificare
410 720 527 799 voluit,
558 741 597 787 ac
623 721 725 787 etiam
755 718 995 786 sacratissimis
1023 717 1217 806 corporibus

176 833 351 901 beatorum
375 837 571 915 martirum,
594 835 902 920 Senonensiumque
926 835 1111 921 primorum
1131 853 1217 920 pon·

176 949 317 1029 tificum,
334 947 510 1019 videlicet:
529 951 702 1018 Saviniani
716 951 942 1038 prenominati
953 954 987 1018 et
1004 950 1211 1034 Potenciani,

177 1066 217 1132 de
239 1087 377 1134 numero
399 1068 614 1156 septuaginta
639 1067 778 1134 duorum
804 1068 935 1133 Domini
961 1065 1212 1154 discipulorum,

177 1182 333 1270 beatique
349 1185 469 1263 Altini,
489 1204 604 1261 eorum
623 1185 716 1263 socii,
737 1203 865 1250 necnon
882 1183 1076 1271 corporibus
1096 1180 1216 1248 beato·
1281 1190 1283 1193 ’

176 1318 251 1362 rum
269 1302 447 1367 martirum
463 1300 608 1369 Serotini
626 1306 660 1368 et
675 1301 828 1381 Eodaldi,
846 1300 936 1369 beati
952 1297 1094 1387 predicti
1118 1299 1215 1366 Savi-

178 1416 271 1481 niani
293 1415 552 1503 discipulorum;
575 1417 668 1495 item,
684 1416 879 1505 corporibus
901 1416 1076 1484 beatorum
1094 1415 1216 1481 marti-

177 1551 251 1596 rum
260 1533 427 1599 Victorini
436 1538 470 1600 et
480 1535 551 1621 ejus
561 1532 622 1600 filii
634 1554 708 1600 cum
722 1554 840 1601 novem
850 1539 1043 1600 sanctorum
1059 1531 1218 1597 Innocen-

177 1652 248 1713 tum
265 1649 471 1735 corpusculis
488 1672 496 1728 ;
515 1650 609 1729 item,
626 1649 821 1737 corporibus
838 1649 1012 1716 beatorum
1029 1652 1217 1734 martyrum

178 1763 362 1845 Sanctiani,
375 1767 557 1853 Augustini
572 1771 607 1834 et
622 1771 738 1834 sancte
749 1768 865 1846 Beate,
880 1767 1007 1832 sororis
1017 1765 1104 1852 ejus;
1122 1767 1215 1842 item,

178 1882 372 1968 corporibus
383 1882 558 1950 beatorum
575 1885 753 1952 martirum
767 1883 888 1948 Felicis
903 1887 937 1950 et
952 1881 1106 1960 Auberti,
1119 1883 1212 1958 item,

178 1999 372 2085 corporibus
402 2004 595 2068 sanctorum
622 1999 853 2066 confessorum
883 2004 984 2085 atque
1019 1996 1213 2085 pontificum

177 2114 419 2181 senonensium
444 2115 602 2195 Ebbonis,
626 2116 785 2193 Ursicini,
811 2116 958 2202 Agrion,
985 2114 1157 2180 Ambrosii
1180 2118 1215 2180 et

172 2231 317 2313 Leonis;
336 2231 434 2310 item,
453 2251 591 2320 corpore
614 2231 711 2299 beate
735 2232 880 2319 virginis
903 2229 1160 2297 Theodechildis
1175 2248 1215 2295 ac

175 2350 401 2436 prenominati
411 2349 667 2436 regisdlodovei
679 2348 844 2415 filiecaris
859 2349 1040 2427 sime,cum
1052 2366 1215 2414 ueneran·
1256 2416 1259 2420 ,

176 2460 314 2527 dissimo
332 2481 372 2528 ac
389 2462 588 2551 dignissimo
606 2463 715 2550 capite
732 2462 919 2530 beatissimi
941 2461 1116 2549 Gregorii,
1130 2481 1214 2548 pape

176 2598 213 2643 ac
224 2598 321 2644 sacro
333 2583 449 2646 sancte
460 2580 598 2646 ecclesie
610 2579 759 2648 doctoris
772 2579 899 2658 eximii,
910 2583 944 2646 et
955 2579 1031 2644 aliis
1044 2578 1215 2665 quamplu-

175 2694 271 2759 rimis
288 2697 394 2761 sacris
415 2695 623 2784 pignoribus,
646 2717 786 2783 quorum
805 2698 935 2763 mencio
967 2695 1130 2783 prolixior
1149 2693 1214 2759 ha-

174 2807 326 2889 beretur,
355 2810 514 2878 decorare
548 2811 708 2900 dignatus
737 2817 808 2890 est,
844 2812 1011 2898 adquam
1038 2811 1213 2877 ecclesiam

175 2928 350 3013 utriusque
361 2948 462 2994 sexus
477 2929 592 2996 fideles
606 2930 759 3016 languidi
778 2931 911 3017 pariter
929 2935 964 2998 et
976 2929 1120 2996 morbidi
1133 2949 1154 2995 a
1165 2933 1216 2997 to·

175 3044 246 3108 cius
274 3043 365 3110 orbis
400 3044 553 3132 partibus
594 3044 787 3125 affluentes,
817 3047 985 3114 dictorum
1020 3053 1213 3114 sanctorum

176 3164 313 3245 sperata
328 3161 519 3246 gratudine,
539 3181 606 3226 non
626 3163 805 3248 privantur
819 3164 968 3250 presidio
989 3161 1143 3229 mirifico.

221 3275 347 3341 Verum
363 3283 534 3345 crescente
549 3278 693 3363 malicia,
713 3278 956 3366 refrigescente
984 3280 1140 3347 caritatis
1158 3299 1215 3346 ar-

178 3390 271 3469 dore,
307 3397 342 3458 et
370 3393 535 3461 virtutum
575 3394 755 3481 plantariis
785 3395 1016 3461 arescentibus
1047 3395 1212 3474 siccitate,

175 3508 324 3575 hostium
343 3509 448 3575 eciam
472 3509 607 3578 infinita
625 3511 841 3579 multitudine
867 3511 903 3577 iu
919 3511 1048 3577 nostris
1062 3510 1215 3597 partibus

172 3625 336 3703 irruente,
346 3625 488 3712 aliisque
505 3626 759 3714 quamplurimis
780 3626 1015 3694 occurentibus
1031 3627 1216 3714 oppressio-

165 3742 283 3821 nibus,
299 3740 453 3830 dampnis
467 3746 501 3810 et
515 3730 748 3824 incommodis,
762 3743 933 3812 veteribus
944 3742 1096 3830 subjacet
1107 3743 1215 3808 ruinis

174 3854 375 3925 dcfformata
386 3879 445 3924 seu
461 3857 710 3928 defformatum.
1032 3869 1035 3874 '

219 3974 265 4041 Ut
280 3975 387 4061 igitur
401 3975 443 4041 ad
460 3968 566 4064 ipsius
593 3978 732 4044 ecclesie
753 3981 787 4044 et
808 3951 1007 4044 monasterii
1021 3976 1215 4062 reparacio-

174 4109 249 4157 nem
271 4094 307 4158 et
331 4089 639 4162 substentacionem
658 4094 785 4162 Christi
811 4092 943 4175 fideles,
962 4092 1005 4159 ad
1022 4093 1082 4159 Dei
1106 4094 1215 4160 nostri
