2790 4792
586 417 796 481 ..232-

172 558 424 647 quomodolibet
436 564 659 643 proemium
671 559 934 647 iudicutmnque
945 562 1051 630 mlvi
1069 576 1114 635 et
1128 571 1249 656 judicio

172 677 262 743 sisti.
275 695 352 739 cum
368 675 440 737 suis
458 674 623 739 clausulis
637 678 845 761 opportunis
859 679 1057 744 universis.

218 792 288 856 Nos
302 810 395 865 vero,
409 789 550 855 abbates
559 796 596 856 et
608 798 801 858 conmtus
812 794 955 879 prefati,
969 800 1247 872 considerantes

173 922 210 974 et
223 904 439 972 atoefflentes
453 925 500 971 ex
514 908 628 971 auimo
645 908 847 993 quoium
858 912 1093 996 Apostolum,
1111 922 1172 1004 qui
1196 943 1247 986 se-

175 1027 283 1088 minat
301 1022 505 1106 temporalia
527 1030 657 1087 metere
694 1022 799 1090 debet
828 1026 985 1104 celestia,
1013 1033 1246 1124 volentesque

176 1152 296 1203 noem
306 1137 509 1223 temporalia
519 1139 557 1200 in
568 1139 768 1222 spiritualis
780 1146 1006 1222 commutari,
1025 1154 1068 1214 et
1089 1152 1159 1229 eis,
1172 1174 1245 1238 quo

176 1275 252 1320 rum
261 1252 432 1318 debitores
443 1274 573 1323 sumus,
588 1274 650 1318 ess
667 1275 756 1340 quas
768 1257 927 1325 valemus
941 1261 1156 1348 impendere
1170 1291 1244 1355 pre·

178 1393 246 1448 ces,
263 1391 323 1457 pru
334 1391 372 1435 se
382 1378 419 1436 et
434 1372 688 1437 accessoribus
700 1376 775 1439 suis
788 1397 896 1442 unam
912 1381 1244 1455 confraternitatem

181 1490 218 1553 in
231 1487 332 1552 dictis
355 1488 485 1553 noscis
503 1487 657 1552 ecclesiis
676 1487 721 1553 ud
743 1488 912 1556 honorem
938 1495 1095 1579 predicti
1118 1501 1244 1569 beatis.

180 1607 259 1670 simi
271 1603 428 1689 Gregorii
446 1603 743 1691 predictorumque
761 1613 966 1676 sauctorum
983 1617 1153 1684 caritatis
1172 1641 1243 1705 pro

181 1721 338 1789 cedentes
361 1717 499 1794 affecta
520 1719 681 1786 duximus
699 1722 932 1791 ordinandam
947 1734 986 1795 et
1006 1734 1239 1810 statuendam,

181 1846 216 1905 et
246 1855 347 1922 quam
368 1857 430 1923 per
457 1844 634 1923 presentes
662 1837 863 1906 crdirnmus
891 1849 929 1910 et
963 1851 1161 1916 statuimus
1186 1873 1241 1939 pro

181 1956 269 2020 viris
282 1954 412 2038 pariter
428 1960 465 2020 et
475 1952 657 2020 deffuuctis
672 1953 954 2024 benefactoribus
971 1966 1110 2031 nostris
1126 1987 1168 2034 ac
1179 1969 1243 2033 illis

181 2075 239 2159 qui
255 2070 406 2136 ecclesiis
420 2071 550 2135 nostris
564 2076 601 2135 et
614 2073 836 2137 memteriis
846 2075 1021 2159 predictis
1032 2082 1113 2166 pias
1126 2083 1242 2149 elemo

181 2192 277 2258 sines
288 2192 454 2273 gntnpue
471 2185 624 2251 subsidia
638 2207 680 2252 sc
694 2186 737 2252 de
751 2187 851 2253 bonis
866 2192 942 2257 suis
960 2214 985 2258 a
1007 2196 1081 2263 Deo
1109 2199 1240 2267 collatis

181 2305 408 2392 erogaverint.
425 2323 611 2388 munusque
630 2324 711 2369 suas
736 2309 960 2390 porrexerint
986 2311 1184 2387 adjutrices
1205 2336 1240 2381 ac

182 2421 334 2492 andem
354 2419 671 2486 confraternitatem
695 2422 920 2498 mnanubus,
936 2426 1036 2512 ipsos
1060 2435 1098 2497 et
1126 2453 1238 2499 corun

184 2542 311 2608 amicos
324 2539 419 2601 rivos
430 2552 464 2602 et
480 2534 670 2601 delfunctos
684 2538 841 2603 uolumus
863 2546 898 2605 et
926 2542 1135 2613 ordinamus
1159 2547 1239 2614 effici

185 2657 366 2746 participes
383 2655 487 2719 trium
506 2653 702 2729 missarum,
726 2655 761 2718 in
777 2655 929 2739 quolibet
948 2666 1154 2728 nostrorum
1172 2686 1240 2730 mo-

188 2776 413 2844 nasteriorum
430 2793 505 2837 cum
520 2778 623 2836 cantu
634 2771 883 2839 celebratarum
910 2776 1078 2856 cothidie,
1103 2801 1238 2866 quarum

188 2915 257 2963 una
275 2892 466 2958 celebratur
480 2892 515 2954 in
533 2889 662 2955 honore
689 2890 936 2976 gloriosissime
951 2895 1105 2982 virginis
1122 2899 1236 2974 uarie,

189 3015 258 3081 alia
272 3013 308 3075 in
320 3010 448 3075 honore
460 3009 609 3073 omnium
623 3012 821 3073 sanctorum
835 3014 869 3074 et
885 3010 955 3075 alia
969 3032 1033 3096 pro
1047 3014 1236 3092 deffunctis,

190 3154 229 3199 ac
245 3133 280 3195 in
292 3127 446 3194 omnibus
461 3126 555 3190 horis
578 3125 757 3189 nocturnis
781 3127 981 3213 pariterque
1004 3129 1143 3202 diurnis
1157 3133 1239 3199 ride·

188 3251 267 3315 licet
283 3244 460 3311 matutinis
477 3241 628 3326 vesperis
645 3246 680 3306 et
693 3240 772 3305 aliis
788 3243 962 3308 canonicis
974 3243 1073 3311 horis
1087 3271 1157 3315 una
1171 3268 1236 3316 cun

191 3362 345 3433 omnibus
365 3368 398 3426 et
416 3357 560 3446 singulis
583 3355 660 3420 aliis
677 3357 904 3435 oracionibus,
917 3358 1076 3445 jejuniis,
1103 3366 1234 3451 vigiliis,

193 3476 469 3549 meditationibus
499 3473 721 3541 abstinenciis
741 3480 777 3540 et
804 3473 881 3538 aliis
908 3477 1145 3545 misericordie
1164 3501 1235 3567 ope-

194 3601 299 3673 ribus,
320 3598 432 3685 quein
451 3593 554 3660 dictis
578 3592 796 3657 monasteriis
814 3596 849 3657 et
868 3592 1030 3659 membris
1043 3595 1087 3661 ab
1106 3599 1156 3663 eis
1165 3598 1235 3663 des·

195 3718 412 3789 cendeutibus
447 3721 483 3782 et
513 3710 801 3797 deppendentibus
831 3731 871 3775 ac
899 3710 977 3775 aliis
1002 3715 1158 3781 ecclesiis
1183 3735 1232 3780 seu

196 3837 333 3925 capellis
355 3834 482 3900 uostris
509 3828 670 3913 nobisque
697 3827 841 3893 subditis
862 3826 1010 3893 cothidie
1034 3829 1135 3905 liunt,
1160 3851 1231 3897 can-

196 3961 314 4024 tantur
333 3974 393 4019 seu
407 3950 634 4024 celebrantur,
662 3950 722 4012 aut
746 3947 781 4009 in
798 3944 947 4010 futurum
963 3945 1227 4014 celebrabuntur.

197 4074 358 4148 Volumus
371 4074 406 4138 et
424 4068 619 4140 ordinamus
636 4084 693 4132 eos
711 4067 747 4140 et
761 4063 929 4134 intrantes
950 4060 1078 4133 dictam
1101 4063 1228 4133 confra-
