2790 4792
578 430 622 448 ..
640 396 684 462 37
702 428 746 445 .-

53 567 58 573 ·
142 541 243 608 altari
256 560 341 606 vero
357 558 463 625 usque
479 536 520 605 ad
540 539 767 625 pavimentum
789 538 999 608 habundanti
1016 540 1187 609 stillicidio

143 654 359 721 decurrebat.
376 655 480 729 Quem
503 654 666 740 liquorem
689 654 780 721 omni
792 657 984 727 reverentia
999 677 1073 723 cum
1089 662 1188 728 ,vete-
1228 738 1230 743 ,

144 772 231 839 ratis
247 768 480 857 corporalibus
494 775 529 837 et
540 769 652 856 palliis
664 768 903 849 absterximus,
919 774 1082 858 ponentes
1097 773 1188 841 inter

145 886 231 952 alias
247 885 409 971 reliquias
427 882 705 951 conservandum.

145 1133 323 1182 NARRnrlo
346 1134 390 1208 Did
414 1133 602 1181 PROPHETIS
625 1133 669 1180 Er
692 1132 820 1182 sancho
844 1133 999 1184 Jounnrm
1022 1136 1186 1186 Barmsrl

192 1331 244 1398 Ne
277 1328 439 1417 siquidem
473 1328 614 1416 gradum
641 1331 786 1414 aliquem
818 1349 1038 1417 supernorum
1064 1330 1187 1398 civium

149 1446 410 1533 pretermittam,
433 1445 616 1532 prophetas
640 1446 772 1511 Domini
799 1446 890 1512 volui
910 1446 1103 1524 memorari,
1129 1448 1185 1532 qui

148 1561 220 1626 Deo
228 1558 321 1647 digni
329 1563 363 1626 et
380 1558 582 1627 sanctificati
597 1561 726 1626 inventi
746 1563 825 1626 sunt
835 1559 899 1626 fide
915 1560 1019 1647 pleni,
1033 1559 1187 1645 devotio·
1209 1650 1211 1655 Ι

149 1696 193 1740 ne
207 1676 337 1754 summi,
354 1673 524 1742 industria
540 1674 695 1754 solertes,
707 1675 884 1759 excellenti
901 1677 1036 1763 ingenio
1047 1675 1183 1764 prediti,

147 1793 184 1855 in
218 1794 334 1857 sancta
356 1788 576 1856 meditatione
596 1789 723 1855 assidui
746 1794 902 1876 metuque
931 1792 1051 1876 mortis
1076 1778 1236 1870 intre-¹⁰

147 1906 219 1992 pidi
236 1910 505 1991 permanserunt.
523 1905 650 1972 Christi
665 1919 745 1972 vero
767 1907 982 1974 nativitatem
1005 1927 1065 1993 per
1078 1908 1187 1994 virgi-

148 2041 226 2087 nem
240 2041 279 2087 ac
292 2021 397 2107 ipsius
410 2021 612 2106 passionem,
631 2022 924 2102 resurrectionem,
940 2023 1182 2098 ascensionem,

146 2137 429 2222 Sancti-Spiritus
462 2134 643 2203 adventum
672 2139 707 2202 et
741 2135 891 2202 futurum
930 2137 989 2202 Dei
1021 2136 1186 2223 judicium
1251 2208 1254 2212 ,

145 2252 379 2339 predixerunt.
396 2253 492 2318 Inter
517 2271 599 2336 quos
614 2251 768 2337 precipua
791 2231 1065 2317 venerari'debet
1091 2251 1185 2337 plus-

147 2387 250 2455 quam
264 2366 428 2453 propheta
452 2366 571 2443 beatus
585 2366 930 2452 lohannes-Baptista
951 2365 997 2453 (1)
1021 2366 1077 2451 qui
1096 2365 1186 2431 viam

147 2482 289 2548 Domino
307 2483 506 2568 preparavit„
526 2481 560 2546 in
578 2481 802 2566 heremo,qui
833 2479 949 2546 eodem
975 2478 1095 2565 angelo
1122 2498 1186 2564 quo

146 2595 304 2663 Christus
319 2597 546 2686 annunciante
558 2601 737 2682 conceptus
752 2601 816 2674 est,
830 2597 886 2681 qui
899 2595 917 2660 J
920 2595 1037 2661 hesum
1048 2601 1197 2681 peccata·

146 2711 322 2779 tollentem
352 2713 491 2799 agnovit
516 2732 556 2778 ac
584 2710 689 2799 digito
717 2710 981 2791 demonstravit,
1008 2730 1072 2800 quo
1095 2710 1186 2778 inter

147 2830 248 2893 natos
262 2826 438 2892 mulierum
449 2846 516 2892 non
527 2829 689 2907 surrexit,
699 2827 835 2896 Christo
851 2832 1050 2910 attestante,
1063 2827 1182 2914 major,

147 2943 206 3029 qui
221 2944 341 3008 merito
358 2962 536 3030 precursor
551 2943 695 3022 Domini,
708 2963 808 3029 preco
822 2944 947 3031 judicis
960 2948 995 3010 et
1019 2943 1187 3029 propheta
1196 2936 1234 2998 2⁰

148 3057 308 3124 altissimi
329 3061 552 3145 nuncupatur.
570 3059 681 3145 Ipsius
696 3079 780 3145 quas
793 3058 955 3124 habemus
975 3059 1138 3146 reliquias
1152 3062 1187 3125 et

149 3172 365 3240 nativitatem
384 3174 552 3240 universis
567 3173 782 3243 letabundam
796 3174 949 3261 ecclesiis
963 3173 1140 3241 enarrabo.

260 3424 304 3471 DE
334 3424 559 3474 VESTIMENTIS
586 3425 705 3474 sancrl
728 3424 892 3474 JOHANNIS
913 3424 1077 3475 BAPTISTE

193 3617 364 3704 Propheta
380 3617 498 3697 David,
517 3639 578 3685 rex
591 3624 625 3687 et
639 3620 828 3706 psalmista,
853 3622 941 3687 sicut
963 3623 998 3686 in
1021 3621 1187 3707 hystoriis

146 3733 386 3801 ecclesiasticis
417 3735 553 3820 legitur,
583 3735 699 3802 volens
721 3735 848 3802 cultum
872 3738 1005 3803 Domini
1026 3736 1188 3822 ampliare

140 3837 271 3935 ¹viginti
300 3854 444 3934 quatuor
470 3869 616 3915 summos
643 3850 835 3918 sacerdotes
858 3852 1029 3932 instituit3
1047 3872 1187 3939 quorum

179 4029 215 4094 (l)
231 4033 264 4079 Le
278 4029 417 4082 manuscrit
427 4032 498 4090 porte
512 4030 817 4089 beatam-dhesussaptista
830 4031 968 4076 lebannes.
986 4061 989 4065 -
