2790 4792
585 417 786 486 ..103-

290 683 418 732 INCIPIT
440 683 601 732 OFFICIUM
620 684 691 733 CUM
712 683 869 732 Lnonnna
884 683 1081 732 FAOIENDUM

159 802 201 848 IN
221 802 445 849 FESTIVI'FA'I'E
461 801 589 850 sineru
604 800 740 848 vnum
754 800 906 849 VIRGINIS
923 801 966 848 ΕΤ
978 801 1143 849 manulius
1153 782 1200 869 (l)

209 1014 253 1079 in
272 1016 405 1097 vicilia,
422 1015 468 1080 od
481 1014 643 1098 Vesperus²
668 1016 868 1098 capitulum.
886 1014 951 1089 oui
964 1015 1141 1102 gloriatur.

159 1159 435 1242 Responcorium.
452 1157 482 1224 A
502 1158 570 1223 Deo
584 1156 791 1243 parentibus,

452 1272 520 1338 Pro
533 1272 627 1359 prole
643 1273 869 1359 precantibus,

451 1387 597 1466 Venera,
623 1387 828 1456 conceditur.

450 1503 530 1570 Ideo
551 1505 773 1591 precancium,

452 1618 585 1686 Prolem
601 1640 669 1686 non
684 1619 895 1698 habencium,

448 1735 610 1823 Adjutrix
626 1736 826 1826 dinoscitun

161 1855 292 1918 Versus.
316 1853 399 1919 Dum
418 1857 532 1920 tamen
554 1875 628 1920 cum
655 1854 720 1920 fide
745 1857 898 1941 queritur
923 1857 1148 1944 precancium.
1212 1851 1249 1913 ¹⁰

154 1971 333 2055 Hymnus.
454 1969 618 2036 Fidelium
635 1969 770 2037 devocio

447 2084 600 2153 celebret
613 2104 675 2172 pro
690 2086 847 2154 martirio

448 2204 570 2271 Sancte
582 2204 725 2291 virginis
739 2205 884 2283 Venere,

448 2321 518 2396 Que
531 2340 620 2386 nunc
631 2319 755 2407 gaudet
770 2321 804 2386 in
823 2322 949 2388 ethere.

445 2436 507 2524 Adj
512 2437 605 2504 utrix
618 2435 658 2502 fit
673 2437 882 2522 precantium

446 2553 579 2619 Prolem
598 2550 872 2621 desiderantium.

444 2733 531 2799 Nam
546 2731 627 2800 data
642 2737 695 2800 est
707 2733 915 2820 parentibus,

445 2847 512 2914 Pro
529 2848 623 2935 prole
643 2847 911 2936 deprecantibus,

442 2964 559 3043 Jhesu,
579 2984 703 3031 corona
719 2966 902 3052 virginum,

443 3080 506 3155 Qui
521 3085 622 3148 natus
637 3100 674 3146 es
695 3080 735 3147 de
752 3082 896 3168 virgine,

444 3197 580 3284 Semper
599 3217 666 3263 non
685 3195 813 3263 habens
832 3199 1025 3276 terminum,

445 3311 561 3378 Gloria
578 3313 640 3380 tibi
657 3314 806 3379 Domine.
824 3314 943 3380 Amen.

156 3429 291 3493 Versus.
313 3425 495 3514 Adiuvabit
516 3449 603 3496 eam.

147 3546 351 3628 Antiphone
365 3545 408 3609 od
426 3542 627 3628 Mupnificat.

441 3659 578 3746 Semper
592 3660 751 3726 Dominus
770 3660 917 3726 omnium

183 3894 219 3959 (1)
234 3894 331 3943 L'oiflce
352 3895 383 3944 de
399 3896 586 3946 §uinta-Venere
602 3911 617 3946 a
640 3900 677 3947 oid
694 3899 806 3947 transcrit
822 3897 836 3946 t
854 3899 877 3946 la
899 3898 979 3946 mame
994 3901 1089 3960 opeque
1102 3913 1151 3960 qne
1166 3901 1190 3950 ie

147 3987 213 4034 reste
227 3982 262 4033 dir
276 3985 420 4048 manuscrit,
433 3987 588 4037 c'cstd-dire
610 3988 626 4038 a
640 3989 665 4040 la
680 3989 715 4040 fin
727 3990 761 4040 du
776 3997 832 4042 run
844 3990 926 4054 siecle,
944 3991 1007 4040 mnis
1018 4005 1062 4059 pur
1073 4007 1109 4042 nn
1121 3998 1189 4048 autre

150 4075 240 4126 scribe.
256 4074 299 4125 Get
312 4073 383 4126 office
391 4079 427 4126 cst
438 4079 501 4130 nott.
