2790 4792
672 407 867 475 -218-

239 556 437 635 conventus,
463 570 562 643 super
588 550 722 617 domum
756 551 973 638 continguam
1001 548 1114 615 domui
1144 548 1281 636 lapidee

238 668 379 735 Ymbert
399 669 517 750 Foace,
537 689 559 734 v
582 687 610 734 s.
636 672 662 735 t.
681 667 745 733 hac
767 666 820 734 die
839 665 1088 755 persolvendos,
1108 669 1146 733 ut
1166 666 1203 730 in
1219 665 1280 732 lit-

241 785 324 852 teris
339 785 430 850 curie
447 784 647 850 Senonensis
672 784 874 850 continetur.

288 899 372 965 Item
388 897 470 964 obiit
483 897 605 963 Allidis
621 897 660 963 de
676 896 984 979 Sancta-Columba,
1009 916 1069 983 pro
1085 916 1150 983 quo
1174 896 1283 963 hebet

240 1003 436 1088 conventus,
460 1033 560 1099 super
585 1013 718 1081 domum
743 1012 928 1100 predictam
944 1018 979 1080 et
995 1033 1094 1099 super
1116 1011 1280 1079 medieta-

238 1133 307 1196 tem
322 1131 426 1196 trium
455 1130 701 1216 quarteriorum
728 1130 763 1195 in
781 1128 871 1196 valle
897 1128 1045 1196 defuncti
1064 1128 1219 1216 Augerii,
1242 1129 1283 1194 iii

241 1263 268 1310 s.
285 1265 319 1330 p.

272 1361 364 1408 Relicta
381 1360 473 1408 Odonis
483 1361 542 1408 Piet.

271 1452 388 1498 Clericus
397 1453 427 1497 de
439 1451 570 1498 ciromines
580 1451 615 1497 oti
630 1464 652 1498 a.
665 1464 694 1508 p.

285 1540 559 1605 5.-vl11Yd.
580 1575 621 1592 -
644 1539 735 1608 omi
760 1540 939 1623 nonestus,
960 1540 1127 1627 presbiter
1143 1510 1284 1606 sanen-

164 1728 166 1730 ,
240 1654 592 1744 Petri-de-Dongione,
632 1677 693 1744 pro
723 1677 787 1744 quo
826 1656 928 1724 habet
955 1661 1151 1734 conventus,
1179 1677 1285 1744 super

154 1863 156 1874 Ι
241 1775 448 1861 quarterium
464 1773 560 1839 vinee
576 1775 611 1837 in
634 1772 875 1839 Calido-Fumo
890 1773 939 1839 xii
956 1771 988 1837 d.
1003 1793 1036 1859 p.
1057 1772 1122 1839 hac
1139 1771 1193 1839 die
1208 1794 1285 1860 per-

242 1889 432 1968 solvendos,
455 1896 492 1956 ut
521 1891 556 1955 in
579 1889 704 1956 litteris
729 1891 933 1958 Senonensis
960 1891 1051 1956 curie
1071 1892 1281 1958 continetur.

273 2005 379 2054 Felisius
389 2003 517 2054 Treveillie
530 2006 578 2053 dou
595 2003 722 2054 Chernier.

273 2096 368 2141 Lorent
379 2093 424 2156 (1).

286 2185 372 2250 Item
398 2182 481 2251 obiit
499 2184 620 2267 Maria,
647 2184 765 2251 relicta
790 2186 832 2251 H.
861 2187 978 2268 Bouet,
1002 2204 1062 2272 pro
1085 2206 1149 2272 quo
1177 2185 1286 2254 habet

158 2342 160 2347 ν
240 2307 436 2378 conventus,
468 2321 566 2386 super
594 2303 801 2387 quarterium
826 2302 924 2368 vinee
960 2322 1003 2368 au
1037 2301 1284 2381 Charboniers,

232 2419 289 2484 'xii
305 2417 337 2482 d.
357 2438 390 2503 p.
407 2418 470 2482 hac
486 2416 539 2482 die
558 2416 807 2503 persolvendos,
824 2421 863 2484 ut
882 2419 917 2482 in
935 2418 1059 2485 litteris
1076 2418 1286 2485 senonensis

242 2536 334 2602 curie
350 2537 553 2602 continetur.

273 2652 428 2700 Christianus
440 2633 573 2700 Morins'de
587 2651 772 2700 Chorbonitros.

225 2766 227 2772 ¹
287 2743 319 2808 6.
338 2778 381 2793 -
392 2744 456 2808 Vll
471 2742 536 2807 Yd.
551 2781 594 2790 -
608 2742 770 2809 Obierunt
784 2744 878 2821 Milo,
899 2745 991 2830 prior
1008 2743 1048 2809 de
1063 2744 1285 2823 Andrisiaco,

244 2859 406 2925 Rollanus
424 2865 458 2925 et
485 2858 656 2936 Galterus,
679 2859 815 2941 milites
844 2880 904 2946 pro
930 2859 1048 2946 quibus
1072 2861 1178 2927 habet
1199 2882 1289 2928 con-

244 2980 364 3042 ventus
382 2995 481 3061 super
499 2976 631 3040 vineam
647 2976 745 3041 sitam
764 2995 845 3062 erga
865 2976 1023 3042 Sanctum
1032 2976 1284 3062 ·Sanctianum‚

243 3115 264 3158 u
282 3113 310 3157 s.
327 3113 375 3177 p.,
392 3092 424 3156 vi
446 3090 638 3169 elemosina,
655 3097 689 3157 et
702 3091 735 3156 vi
750 3090 783 3156 d.
804 3091 1006 3177 pulsatores

276 3207 393 3254 Girurdus
407 3207 437 3253 de
450 3206 574 3253 Puisiaux.

274 3298 404 3342 ‚lohannes
416 3298 440 3341 la
452 3297 548 3353 Hoipne
560 3308 592 3341 ou
605 3298 629 3342 la
639 3297 729 3346 lloinr.

274 3383 367 3431 Droins
379 3386 397 3430 li
408 3386 553 3445 tonnelicrs.

286 3480 318 3543 7.
334 3513 376 3526 -
388 3477 436 3543 Vl
451 3475 516 3541 Yd.
531 3512 574 3526 -
590 3475 681 3543 Obiit
700 3475 909 3542 Theobaldus
933 3477 1119 3560 Scutarius
1140 3500 1286 3567 proquo

244 3593 346 3660 habet
367 3598 562 3670 conventus,
586 3613 684 3678 super
696 3591 829 3657 domum
846 3591 888 3656 ad
903 3597 1034 3678 portam
1056 3593 1291 3664 Sancti-Leo-

245 3711 310 3786 nis,
329 3712 364 3775 ix
380 3731 407 3774 s.
425 3730 472 3794 p„
491 3710 525 3775 vi
540 3709 572 3774 d.
588 3709 780 3787 elemosina,
797 3713 830 3775 et
844 3709 877 3774 vi
893 3708 926 3773 d.
942 3708 1143 3794 pulsatores,

276 3830 362 3875 Nostra
376 3828 487 3874 Domina.

278 3980 312 4044 (l)
328 3983 360 4028 Le
376 3984 418 4030 Me.
435 3985 463 4029 56
478 3983 558 4041 siculo
572 3982 603 4030 ici
617 3999 623 4030 ε
635 3985 733 4042 Petrus,
752 3988 840 4043 textor,
858 3985 889 4029 de
900 3983 1030 4040 Joiqnieco
1046 3987 1120 4030 tenet.
1139 4008 1170 4020 —
1188 3985 1220 4032 Li
1231 3988 1288 4034 Ra-

248 4085 308 4131 ques
319 4077 393 4118 tenet.
