2790 4792
626 432 781 496 -4-

184 577 491 662 euvangelistarum
513 565 614 660 atque
637 579 827 660 martyrum
847 574 882 638 in
909 625 916 638 .
945 623 954 639 .
984 624 990 638 .
1017 571 1062 661 (l)
1087 575 1224 661 capsula

184 695 347 777 argentea
374 695 408 756 et
434 710 512 755 erea
537 691 573 754 in
600 689 727 754 honore
752 687 979 775 apostolorum
1010 687 1168 754 dedicata
1193 695 1227 756 et

183 803 375 878 nominata,
405 822 488 886 quas
514 807 633 868 sancta
662 800 930 878 Theodeohildis,
957 799 1029 865 filia
1052 800 1223 879 Clodorei,

183 900 459 1004 christianissimi
489 919 580 1003 regis
613 918 834 992 Francorum,
880 936 942 1000 que
982 917 1225 982 monasterium

182 1030 297 1098 Sancti
311 1033 404 1098 Petri
419 1033 498 1098 Vivi
515 1031 683 1108 fundavit,
702 1030 831 1096 abeato
842 1019 1117 1095 Felioe'Romane
1135 1029 1226 1095 sedis

183 1161 325 1212 summo·
332 1146 488 1232 pontifice
508 1167 568 1232 per
587 1146 787 1231 sollempnes
805 1146 945 1210 nuncios
961 1147 1167 1230 impetravit.

160 1266 163 1271 '
228 1263 400 1347 Reliquias
416 1261 578 1334 habemus
595 1263 704 1327 sancti
719 1261 905 1338 Saviniani,
923 1260 1077 1345 discipuli
1096 1261 1226 1326 domini

182 1375 368 1448 Salvatoris
395 1380 428 1442 et
453 1377 553 1461 primi
577 1377 817 1462 archiepiscopi
839 1376 1228 1452 Senonensis,ridelicet

182 1509 302 1576 corpus
314 1491 419 1575 ipsius
433 1491 469 1554 in
490 1510 590 1576 capsa
609 1495 771 1576 argentea
791 1495 825 1556 et
841 1510 944 1555 aurea
955 1490 1117 1575 preciosis
1135 1490 1227 1576 lapi-

134 1605 281 1677 10dibus
305 1608 499 1690 preornata.
539 1605 716 1674 Sudarium
743 1606 849 1693 ipsius
872 1604 1034 1671 habemus
1061 1624 1137 1669 cum
1157 1623 1227 1689 quo

181 1740 301 1806 corpus
315 1721 387 1806 ejus
410 1721 575 1806 sepultum
593 1721 658 1788 fuit
680 1727 715 1788 et
733 1721 773 1787 de
789 1721 956 1787 cineribus
971 1701 1091 1807 ipsius,
1107 1725 1142 1787 et
1160 1720 1227 1786 hec

141 1895 143 1899 Α
179 1834 357 1900 habuimus
377 1857 438 1922 per
456 1836 662 1903 'laudabilem
674 1838 902 1916 Wenilonem,
934 1836 1227 1923 archiepiscopum

180 1949 418 2017 Senonensem.
1008 1924 1013 1936 Ι

223 2066 321 2150 Item,
344 2086 486 2153 corpora
507 2066 682 2134 beatorum
706 2072 896 2154 martyrum
920 2073 955 2134 et
979 2066 1226 2155 dIscipulorum

179 2180 305 2245 domini
319 2181 519 2259 Salvatoris,
534 2182 745 2260 Potenciani,
760 2183 897 2248 secundi
911 2182 1155 2267 archiepiscopi
1166 2181 1227 2247 Se-

180 2297 352 2374 nonensis,
371 2301 405 2362 et
417 2297 538 2374 Altini,
561 2298 728 2362 sociorum
744 2296 834 2365 beati
854 2298 1040 2375 Saviniani,
1056 2296 1226 2363 habemus

179 2411 215 2476 in
230 2431 331 2497 capsa
343 2417 505 2498 argentea
521 2417 575 2491 ;et
593 2412 656 2477 hec
670 2412 847 2478 habuimus
862 2434 921 2499 per
937 2412 1125 2499 predictum
1141 2413 1229 2478 We·

179 2525 326 2591 nilonem
342 2528 641 2613 archiepiscopum.

223 2639 322 2716 Item,
347 2640 509 2724 reliquias
542 2640 705 2706 habemus
734 2642 954 2726 plurimorum
997 2642 1225 2708 Innocentum

130 2766 168 2828 20
178 2754 376 2838 corpuscula
399 2774 519 2819 novem
535 2755 574 2818 in
596 2774 699 2841 capsa
715 2761 878 2842 argentea
901 2776 976 2823 cum
998 2756 1153 2840 reliquiis
1182 2757 1232 2822 de·

179 2869 343 2954 sanguine
358 2871 467 2935 sancti
480 2869 642 2955 Stephani
658 2871 961 2957 prothomartyris,
975 2891 1049 2937 cum
1063 2871 1223 2956 reliquiis

74 2999 76 3003 ’
178 2984 287 3050 sancti
311 2985 500 3062 Memmeti,
523 2987 686 3071 martyris
706 2987 949 3074 LIngonensis,
974 3007 1048 3052 cum
1064 2985 1231 3071 reliquiis·
1313 2969 1315 2973 ¹

179 3101 287 3166 sancti
308 3099 495 3184 Benedicti,
530 3105 638 3186 patris
664 3104 789 3181 nostri,
814 3122 888 3167 oum
912 3103 1064 3187 reliquiis
1084 3103 1224 3187 precio-

87 3275 89 3280 .
122 3254 125 3259 ‹
179 3216 311 3279 sissime
338 3217 465 3281 sororis
492 3237 550 3281 sue
582 3221 698 3283 sancte
728 3217 910 3283 Scolastice
939 3223 1071 3291 etcum
1100 3218 1223 3285 multis

178 3330 255 3394 aliis
284 3330 437 3415 reliquiis
465 3328 606 3416 quarum
642 3333 819 3418 scripture·
842 3337 980 3418 propter
1011 3336 1224 3399 vetustatem

177 3432 361 3528 potuerunt
390 3445 527 3510 minime
559 3448 781 3532 recognosoi;
816 3446 1028 3532 supradictas
1055 3445 1224 3532 reliquias

179 3557 356 3623 habuimus
380 3579 440 3644 per
463 3559 665 3625 laudabilem
690 3561 977 3646 archiepiscopum
1000 3561 1219 3647 Ansegisum.

224 3662 323 3750 Item,
350 3674 510 3767 reliquIas
540 3676 580 3740 de
610 3675 776 3761 lapidibus
798 3696 872 3741 cum
900 3675 1019 3760 quibus
1049 3673 1226 3759 lapidatus

182 3784 247 3854 luit
262 3793 400 3855 sanctus
413 3788 604 3875 Stephanus
619 3790 792 3858 habemus.

212 4057 248 4123 (1)
264 4061 312 4109 blot
325 4060 422 4109 devenu
437 4061 546 4110 illisiblo.
