2790 4792
560 405 738 470 ..19-

131 548 210 613 Seth
223 546 315 612 filius
330 547 406 632 ejus
422 549 539 632 portas
551 544 708 610 Paradisi
728 546 902 612 terrestris
913 543 998 610 adiit
1011 548 1049 610 ut
1064 544 1172 609 oleum

132 661 362 726 misericordie
382 681 448 745 quo
472 680 593 746 corpus
615 661 723 746 patris
746 663 950 746 perungeret
972 659 1171 745 postularet,

132 778 190 844 Cui
218 799 388 865 apparens
413 777 554 864 angelus
577 779 627 843 ait
653 798 660 841 :
688 776 766 842 Noli
797 796 896 862 super
920 777 984 841 hoc
1004 776 1172 853 laborare,

134 895 212 979 quia
232 894 429 960 nullatenus
454 893 589 976 assequi
618 892 745 978 poteris
771 893 838 956 nisi
862 891 995 976 quando
1020 892 1175 977 completi

134 1006 263 1073 fuerint
277 1008 424 1091 quinque
446 1007 542 1072 milia
566 1007 743 1094 quingenti
769 1008 862 1072 anni.
887 1008 1030 1093 Legitur
1044 1027 1124 1072 vero
1141 1008 1176 1071 in

134 1121 301 1207 hystoriis
313 1121 400 1208 apud
420 1121 547 1187 Grecos
559 1121 647 1206 quod
662 1121 802 1208 angelus
817 1121 858 1186 de
869 1121 960 1206 ligno
976 1123 1010 1185 in
1024 1142 1088 1206 quo
1099 1141 1179 1208 pec-

136 1238 228 1303 carit
253 1235 361 1301 Adam
393 1236 501 1302 eidem
522 1235 678 1314 tradidit,
708 1236 822 1302 dicens
845 1235 933 1320 quod
950 1235 1083 1320 quando
1105 1236 1180 1300 fru-

140 1358 232 1419 ctum
254 1350 381 1418 faceret
397 1356 497 1437 pater
517 1373 598 1416 suus
618 1356 806 1419 sanaretur.
821 1351 884 1425 Qui
900 1350 1034 1416 rediens
1049 1355 1180 1437 patrem

139 1472 308 1534 mortuum
327 1469 458 1533 invenit
473 1474 508 1535 et
522 1470 630 1554 ipsum
652 1488 782 1532 ramum
800 1488 900 1552 super
920 1467 1086 1533 tumulum
1109 1465 1181 1532 Ade

139 1585 321 1671 plantavit,
340 1586 397 1668 qui
413 1585 587 1670 plantatus
604 1586 638 1649 in
665 1584 819 1650 arborem
834 1604 992 1671 magnam
1010 1584 1129 1660 crevit,
1148 1587 1182 1649 et
1197 1598 1233 1661 10

137 1719 244 1783 usque
258 1698 300 1763 ad
314 1703 468 1785 tempora
479 1699 668 1765 Salomonis
683 1698 829 1765 duravit.
842 1700 966 1766 Postea
978 1718 1058 1765 uero
1073 1700 1180 1784 ipsam

91 1830 94 1835 '
138 1813 244 1878 incidi
256 1815 406 1900 precepit
416 1818 451 1880 et
466 1815 501 1878 in
513 1814 611 1880 domo
625 1814 732 1907 saitus
745 1814 871 1893 locari3
889 1833 1059 1899 nunquam
1069 1817 1184 1879 tamen

142 1929 251 1994 locari
290 1933 452 2014 poterat,
484 1928 541 1993 sed
574 1935 634 1996 aut
672 1927 855 1996 excedebat
884 1927 1094 2014 longitudine
1127 1934 1186 1993 aut

140 2041 320 2108 deficiebat
343 2043 448 2107 nimia
474 2042 652 2110 brevitate.
681 2043 730 2108 Ob
756 2044 819 2108 hoc
845 2043 1013 2129 indignati
1038 2042 1185 2108 artifices

54 2199 61 2209 ·
135 2159 255 2242 ‚ipsam
275 2178 377 2244 super
391 2158 568 2243 quemdam
588 2159 698 2224 lacum
723 2163 762 2224 ut
780 2164 870 2224 esset
894 2179 978 2245 pons
1001 2162 1186 2224 transeun-

143 2271 238 2338 tibus
252 2273 479 2359 prcjecerunt.
496 2274 537 2338 In
556 2275 722 2358 hystoriis
748 2275 935 2341 scolasticis
956 2273 1081 2360 legitur
1099 2271 1186 2357 quod

144 2386 333 2472 predictum
353 2388 483 2473 lignum
503 2389 622 2473 regina
638 2388 748 2454 Sabba
764 2388 850 2454 vidit
870 2393 906 2453 et
925 2387 1092 2463 adoravit,
1110 2388 1189 2452 inti·

144 2521 244 2566 mans
264 2483 435 2567 salomoni
461 2501 548 2587 quod
570 2503 605 2565 in
632 2501 690 2566 illo
719 2502 811 2588 ligno
841 2501 976 2587 qnidam
1009 2500 1188 2586 suspende·

145 2621 257 2694 retur,
274 2637 335 2702 per
366 2617 461 2703 cujus
485 2621 628 2682 mortem
656 2616 838 2682 Judeornm
870 2636 1011 2702 regnum
1046 2615 1188 2683 debebat

145 2730 265 2796 deleri.
286 2731 329 2797 Et
346 2736 428 2798 tunc
451 2731 608 2797 Salomon
625 2733 661 2796 in
689 2732 865 2818 profundis
888 2736 980 2798 terre
1005 2731 1187 2798 visceribus
1197 2747 1237 2808 20

147 2846 232 2912 illud
262 2845 412 2934 demergi
433 2846 526 2914 fecit.
556 2847 681 2913 Postea
706 2847 880 2934 probatica
911 2849 1041 2934 piscina
1064 2847 1188 2913 ibidem

148 2961 242 3028 iacta
262 2967 326 3028 est.
348 2962 392 3027 Et
413 2961 538 3028 dicitur
556 2961 642 3047 quod
669 2982 736 3027 non
760 2963 868 3028 solum
887 2962 1050 3029 descensu
1077 2963 1189 3049 angeli

149 3075 209 3140 sed
228 3077 331 3143 etiam
346 3098 389 3142 ex
401 3078 530 3144 virtute
544 3077 650 3163 ipsius
665 3078 749 3164 ligni
773 3078 820 3143 ibi
835 3077 909 3143 fieri
934 3079 1189 3145 commotionem

150 3211 237 3275 aque
252 3195 287 3257 et
307 3193 515 3259 curationem
536 3193 758 3259 infirmorum.
787 3194 1086 3280 Appropinquante
1109 3213 1190 3259 vero

149 3306 308 3392 passione
324 3305 462 3388 Christi,
481 3307 668 3393 predictum
689 3309 818 3395 lignum
835 3313 1093 3396 superenatasse
1106 3307 1192 3373 dici·

149 3428 222 3500 tur,
246 3427 282 3488 et
305 3443 381 3489 cum
395 3423 493 3489 Judei
510 3425 686 3504 vidissent,
705 3430 906 3511 acceperunt
920 3425 1003 3490 illud
1018 3430 1052 3491 et
1075 3423 1190 3489 exilio

153 3556 286 3602 crucem
307 3538 448 3604 Domino
477 3544 694 3625 paraverunt.
733 3539 850 3618 Unde,
882 3540 1063 3606 secundum
1095 3531 1189 3604 Mar·

152 3652 266 3731 chum,
290 3653 433 3739 Pylatus
461 3653 603 3721 tradidit
632 3655 772 3723 Jhesum
801 3655 917 3721 Judeis
950 3660 988 3722 ut
1014 3655 1190 3742 crucifige-
1260 3696 1263 3703 ·

152 3773 260 3847 retur,
279 3774 315 3835 et
335 3768 586 3837 crucifixerunt.
608 3771 730 3837 Jhesus
743 3773 856 3847 emisit
876 3766 1044 3869 spiritum.
1066 3774 1191 3860 Joseph

151 3883 195 3949 ab
226 3885 421 3952 Arimathia
456 3891 490 3952 et
515 3885 742 3970 Nichodemus
780 3888 984 3974 sepelierunt
1011 3889 1116 3956 illum.
1150 3881 1241 3956 In30

153 4000 365 4070 eodemvero
386 4001 459 4068 loco
473 4022 557 4069 crux
576 4004 708 4077 Domini
730 4004 940 4090 postmodum
962 4005 1101 4075 inventa
1128 4007 1192 4077 fuit
