2782 4786
583 395 781 462 -104-

438 541 477 605 In
497 541 623 606 sanctis
640 537 890 626 magnificetur,

443 655 547 730 Quem
566 653 608 721 ad
624 662 775 722 nostrum
791 652 955 720 auxilium

442 769 566 837 Sancte
583 771 717 837 Venere
732 772 901 857 precetur.

196 886 396 970 Mopatficut.
419 886 606 952 Euouae.

199 1002 347 1068 Collecto.
375 1005 462 1068 Deus
475 1002 531 1088 qui
549 1003 639 1070 inter
651 1006 764 1068 cetera
779 1001 932 1087 potencie
945 1005 1003 1069 tue
1016 1005 1193 1078 miracula,

154 1121 258 1187 eciam
275 1120 309 1185 in
329 1138 413 1185 sexu
428 1118 542 1207 fragili
557 1118 733 1186 victoriam
748 1117 896 1184 martirii
910 1118 1097 1196 contulisti,
1115 1140 1196 1185 con-

153 1235 233 1305 cede
253 1236 421 1323 propicius
445 1241 483 1302 ut
509 1238 625 1301 sancte
652 1233 796 1311 Venere,
818 1233 962 1320 virginis
982 1239 1017 1300 et
1040 1236 1193 1301 martiris

152 1358 221 1431 tue,
249 1351 343 1437 cujus
370 1351 531 1417 natalicia
557 1349 716 1428 colimus,
736 1368 796 1436 per
816 1347 888 1436 ejus
915 1347 957 1415 ad
974 1355 1008 1416 te
1035 1350 1190 1436 exempla

153 1467 362 1556 gradiamur,
381 1486 441 1554 per
458 1466 648 1532 Dominum.

109 1585 405 1656 ioiaoitotorium.
452 1583 586 1669 Agrium
607 1600 765 1668 sponsum
780 1580 948 1667 virginum

446 1697 633 1763 Adoremus
651 1697 839 1762 Dominum.
900 1735 905 1743 ·

153 1817 270 1879 Proso.
449 1814 584 1880 Venite.

155 1931 317 2015 Hyromos.
451 1929 615 1994 Fideiium
634 1928 770 1994 devocio

452 2044 663 2112 Celebret.·

200 2161 241 2228 ire
251 2165 365 2246 primo
378 2170 557 2243 nocturno,
580 2163 763 2244 antiphona
777 2170 807 2226 et
822 2163 950 2244 proluat
965 2170 995 2227 et
1010 2182 1138 2246 versus,
1158 2165 1197 2229 de

163 2278 365 2363 Vtrptatbus.

163 2394 268 2458 Vllrr
278 2411 427 2477 resperas.
444 2392 583 2478 Augens
600 2389 715 2456 divina
729 2390 829 2469 dona,

309 2565 315 2579 ,
444 2509 592 2573 Terrena
606 2512 725 2575 nostra
741 2507 841 2586 bona,

449 2626 644 2702 Precamur,
666 2624 849 2703 custodiae,

110 2758 150 2821 20
289 2727 293 2733 ’
446 2741 624 2807 OVenera
645 2745 801 2827 patrona.

166 2857 288 2922 Versus.
449 2858 601 2943 Namque
616 2857 709 2923 trina
725 2876 862 2923 corona.

442 2973 576 3040 Gaudes
592 2994 652 3060 per
666 2975 840 3051 victorias,

449 3088 609 3156 Obeata.

159 3208 208 3270 Ad
230 3205 389 3282 Curetica,
412 3208 616 3291 antiphone.

334 3397 344 3415 ,
451 3322 562 3387 Divini
582 3320 711 3389 fructus
732 3322 864 3388 Domini

447 3437 533 3504 Sunt
551 3437 670 3522 quibus
693 3437 759 3502 frui
785 3436 908 3503 tribuit

447 3553 567 3619 Sancte
590 3553 722 3617 Venere
740 3552 877 3639 virgini,

449 3668 519 3743 Que
533 3669 654 3734 martir
677 3672 711 3733 et
724 3668 820 3754 virgo
839 3666 915 3734 fuit.

162 3784 352 3851 Canticum.
376 3785 499 3852 Audite
519 3804 582 3849 me.

112 3896 259 3965 30dH1‘m
277 3920 428 3983 respons.
455 3902 538 3966 Post
555 3899 651 3986 ignes
668 3900 702 3962 et
721 3896 873 3973 verbera,

451 4017 534 4082 Post
548 4014 680 4081 abcissa
698 4012 813 4088 ubera,
