2790 4792
594 412 794 480 -283-

176 563 371 630 tennitatem
387 562 667 648 recipianturpro
680 558 790 625 dando
805 556 930 624 fabrice
947 557 1113 624 dictarum
1133 577 1214 622 nos·

174 685 306 747 trarnm
326 677 542 753 ecclesiarum
558 697 617 743 seu
636 675 918 743 monasteriorum
944 677 1105 761 quantum
1128 693 1215 739 unus

174 799 332 883 operator
355 815 421 861 nno
434 794 487 860 die
502 794 627 861 lucrari
642 797 754 881 potest
771 797 832 860 aut
849 793 996 858 valorem
1008 790 1093 856 lucri
1108 811 1212 877 usque

174 912 216 978 ad
235 931 400 977 sommam
418 911 547 998 vigenti
561 909 775 977 denariorum
788 908 831 975 ad
845 909 969 974 minus.

218 1027 265 1094 Ut
282 1032 394 1094 autem
409 1033 572 1113 perpetua
594 1024 757 1092 memoria
772 1029 807 1092 et
824 1024 951 1091 mentio
973 1024 1213 1110 premissorum

175 1143 367 1229 specialiter
378 1141 557 1221 habeatur,
575 1164 649 1222 nos,
664 1142 803 1212 abbates
815 1148 850 1210 et
871 1147 1055 1211 conventus
1073 1141 1210 1230 prefati,

174 1259 324 1343 presenti
365 1259 612 1345 procuratorio,
640 1263 716 1344 post
746 1258 929 1324 triennium
965 1258 1089 1326 adata
1113 1260 1214 1327 istius

174 1376 311 1440 minime
347 1375 506 1452 valituro,
545 1374 659 1462 sigilla
695 1379 813 1442 nostra
851 1375 1023 1442 autentica
1057 1373 1214 1441 duximus

175 1493 298 1578 apponi
330 1511 418 1557 anno
448 1491 582 1556 Domini
606 1491 785 1558 millesimo
815 1501 903 1558 cccc·
921 1491 1132 1579 sexagesimo
1151 1512 1214 1557 no-

175 1630 229 1688 no,
245 1609 300 1675 die
314 1625 372 1674 xx·
389 1609 514 1674 mensis
524 1608 689 1695 januarii,
716 1608 813 1674 nobis
828 1609 903 1695 ipsa
917 1608 970 1674 die
997 1610 1031 1673 in
1056 1610 1213 1696 capitulis

175 1725 301 1791 nostris
316 1728 453 1811 propter
467 1725 631 1811 premissa
645 1723 908 1811 capitulantibus
928 1727 1155 1813 congregatis.
1171 1727 1215 1793 nt

175 1841 215 1906 ad
232 1841 393 1928 majorem
413 1841 688 1928 approbationem
701 1843 941 1930 premissorum
961 1848 1136 1931 presentes
1154 1844 1214 1911 lit-

174 1960 266 2022 teras
292 1976 351 2023 seu
376 1976 515 2042 presens
536 1957 704 2044 publicum
733 1958 996 2027 instrumentum
1024 1959 1153 2046 signari
1181 1965 1216 2027 et

175 2072 317 2139 suscribi
344 2071 486 2139 fecimus
506 2094 594 2140 anno
623 2074 787 2160 predicte,
806 2094 923 2141 mense
954 2095 1033 2141 vero
1054 2074 1216 2141 februarii

174 2189 227 2256 die
239 2201 287 2267 v⁰,
302 2189 485 2257 indictione
498 2191 559 2272 iii‘,
579 2190 795 2277 pontificatus
810 2192 1015 2260 sanctissimi
1030 2192 1066 2256 in
1078 2192 1214 2258 Christo

173 2307 283 2392 patris
297 2327 336 2372 ac
352 2306 479 2372 domini
495 2309 604 2374 nostri
622 2307 747 2374 domini
763 2308 873 2387 Pauli,
883 2306 1214 2395 divinaprovidentia

174 2443 257 2508 pape
275 2423 422 2506 secundi,
445 2443 533 2489 anno
555 2429 664 2502 sexto,
689 2422 902 2511 presentibus
926 2423 969 2490 ad
988 2424 1049 2489 hec
1065 2444 1139 2489 cum
1154 2442 1212 2489 no·

173 2539 262 2604 tario
281 2539 412 2624 publico
440 2539 627 2627 subscripto
644 2539 798 2606 iohanne
816 2541 951 2626 Fremy,
972 2539 1076 2605 Baldo
1101 2541 1211 2605 Beau-

175 2652 253 2738 fort,
272 2661 306 2723 et
324 2656 433 2724 Alano
456 2656 570 2736 Jubin,
590 2656 731 2722 Senonis
758 2641 1052 2733 commorantibus,
1067 2655 1211 2723 testibus

174 2772 216 2837 ad
236 2774 403 2860 premissa
424 2775 554 2842 vocatis
579 2775 769 2861 specialiter
785 2777 820 2840 et
841 2775 982 2861 rogatis

204 2919 240 2964 En
253 2918 340 2978 regard
353 2918 383 2964 de
396 2918 420 2966 la
442 2918 568 2979 signatura
587 2919 617 2966 de
632 2918 728 2966 Nicolas
741 2916 775 2964 du
792 2917 867 2974 Pont,
890 2917 984 2964 notaire
1002 2918 1168 2977 apostolique,
1185 2931 1212 2963 se

174 3008 259 3053 trouve
275 3007 301 3053 la
316 3008 428 3055 mention
445 3009 579 3056 suivante:

216 3115 261 3181 Et
278 3115 356 3199 qnia
374 3136 449 3203 ego,
466 3115 627 3181 Nicolaus
643 3115 684 3182 de
703 3115 823 3195 Ponte,
841 3114 1008 3202 presbiter
1028 3114 1211 3181 Meldensis

173 3231 340 3317 dyocesis
369 3232 521 3318 publicus
546 3235 751 3301 auctoritate
770 3234 954 3320 apostolica
973 3235 1130 3319 curieque
1158 3252 1212 3298 ar-

172 3348 427 3436 chiepiscopalis
453 3350 655 3416 Senonensis
681 3351 835 3418 notarius
859 3355 893 3417 et
925 3350 1075 3428 tabelli0,
1109 3369 1211 3436 supra

173 3466 420 3533 nominatorum
444 3472 700 3552 procuratorum
726 3467 984 3546 constitucioni,
1019 3466 1208 3542 creacioni,

173 3582 410 3661 nominacioni,
439 3584 619 3670 potestatis
648 3581 792 3659 dacioni,
825 3583 1012 3670 ceterisque
1036 3583 1210 3670 premissis

171 3699 325 3766 omnibus
339 3704 375 3766 et
387 3700 540 3788 singulis
558 3700 636 3765 dum
651 3706 751 3788 prout
767 3699 961 3767 scribuntur
980 3721 1040 3787 per
1058 3698 1209 3786 prefatos

173 3816 384 3882 venerabiles
421 3818 598 3904 religiosos
634 3822 771 3904 propter
794 3817 869 3896 hoe,
895 3822 934 3884 ut
971 3816 1206 3902 prescribitur,

172 3933 407 4020 capitulariter
434 3939 658 4024 congregatos
692 3941 727 4002 et
755 3936 978 4023 capitulantes
1002 3935 1207 4011 dicerentur,

172 4056 356 4151 agerentur
382 4055 416 4130 et
440 4050 572 4130 fierent,
599 4071 738 4150 presens
763 4072 838 4126 oum
865 4052 1010 4123 testibus
1038 4050 1209 4148 prenomi-
