2790 4792
510 449 514 456 ·
589 427 725 498 ·-2ο9
748 469 792 480 -

204 574 314 624 (balterus
328 573 443 622 Enlemez
456 574 475 621 ii
491 586 512 622 s.
528 588 554 635 p.
570 598 601 611 -
616 573 739 622 (berardus
755 572 869 621 Entamez
880 571 900 618 ii
914 585 935 620 s.
946 585 972 632 p.
987 596 1016 609 -
1029 565 1145 630 Juquetus
1159 571 1209 617 dou

170 667 224 714 Lau
236 666 256 712 ii
266 676 287 712 s.
300 679 356 725 p.-
366 664 457 712 Relicta
470 664 589 712 thietrici
597 664 721 712 Alemanti
734 665 752 712 ii
762 676 783 711 s.
797 677 855 724 p.,-
870 664 1008 724 Stephanus
1021 674 1098 721 nepos
1107 661 1208 709 Gerardl

172 755 275 802 Euleme
284 754 303 802 ii
315 766 335 802 s.
351 768 409 814 p.—
420 753 541 802 (berardus
555 754 575 802 li
587 754 690 803 lomiers
702 755 741 801 iiii
752 767 773 805 s.
781 768 839 815 p.—
850 755 972 801 Perrtnus
985 756 1003 800 lt
1015 755 1104 800 Briens
1116 766 1209 800 neveuz

169 951 197 994 p.
215 959 242 973 -
260 937 404 993 Stephanus
416 939 459 982 des
474 936 565 982 Fossez
580 937 598 980 tl
608 948 630 982 s.
642 949 670 992 p.
689 932 724 998 (1)

216 1029 269 1095 11.
283 1063 327 1078 -
339 1028 371 1094 V
387 1026 450 1092 Yd.
471 1062 516 1079 -
545 1024 710 1092 Obierunt
738 1026 756 1090 J
760 1026 924 1102 ohannes,
955 1025 1151 1101 monachus,
1175 1028 1210 1091 et

171 1145 287 1222 Berta,
310 1162 482 1226 conversa,
496 1162 558 1230 pro
572 1141 691 1226 quibus
706 1139 808 1208 habet
824 1144 1020 1218 conventus,
1038 1159 1137 1226 super
1154 1142 1208 1206 ui-

173 1279 271 1326 neam
286 1258 328 1327 ad
346 1258 504 1326 Censeias
516 1280 538 1324 v
552 1279 579 1324 s.
596 1280 629 1344 p.

190 1362 192 1366 ¹
205 1375 318 1437 Magister
330 1376 454 1424 lohannes
469 1375 530 1422 Petit
544 1387 594 1422 xxv
610 1387 662 1434 par.

205 1465 331 1524 lohannes,
343 1467 396 1522 filia
409 1466 538 1511 (uuillelmi
552 1467 583 1510 de
599 1463 738 1510 colomiers
753 1475 786 1509 xv
800 1475 827 1520 p.
841 1460 873 1525 (2)

192 1553 318 1600 «balterus
331 1553 408 1601 Picart
420 1554 450 1600 de
462 1553 486 1600 la
497 1565 541 1600 rue
554 1552 766 1600 Sancti-Anthouii
779 1565 811 1599 xx
823 1552 848 1599 d.
861 1565 914 1612 par.

203 1644 324 1701 Meputer
342 1645 368 1691 J.
387 1645 513 1703 Moreaus,
530 1643 646 1700 clericale,
659 1647 723 1688 tenet
739 1655 774 1688 xx
792 1644 818 1687 d.
831 1655 889 1699 par.
903 1643 974 1689 debet
991 1655 1040 1700 pro
1053 1642 1154 1689 Galtero
1168 1643 1208 1689 Pi·

174 1734 279 1780 eheardi
293 1735 320 1780 ln
335 1735 388 1780 leco
400 1736 431 1780 de
445 1734 580 1780 Beau-Leu
590 1731 632 1796 (3).
1117 1717 1120 1722 ’

217 1822 270 1888 12.
292 1856 337 1873 -
356 1823 425 1888 IIII
442 1822 510 1888 Yd.
532 1861 576 1872 -
594 1820 760 1888 Obierunt
785 1821 909 1887 Sebilla
927 1821 960 1888 la
977 1821 1084 1888 Chate
1097 1825 1131 1888 et
1147 1823 1213 1886 Pe-

178 1941 267 2015 trus,
295 1936 366 2024 ejus
393 1938 548 2019 maritus,
580 1936 737 2004 lobestus
763 1937 867 2004 Catus
899 1943 932 2005 et
959 1938 1123 2016 Emelina,
1140 1938 1211 2025 ejus
1245 1942 1248 1948 ’

181 2073 278 2131 uxor,
301 2061 361 2138 pro
384 2051 503 2138 quibus
527 2052 641 2129 habet,
667 2059 851 2120 conventus
866 2075 915 2119 xx
929 2075 957 2120 s.
974 2059 1016 2133 t.‚
1037 2056 1070 2120 vi
1094 2056 1125 2121 d.
1143 2055 1213 2120 ele-

175 2169 318 2246 mosina,
338 2170 370 2235 vi
388 2169 422 2238 d.
439 2168 628 2255 pulsatores
651 2166 709 2257 (4),
737 2173 775 2236 ut
799 2171 835 2236 in
858 2170 982 2238 litteris
1011 2171 1212 2237 senonensis

179 2286 269 2350 curie
285 2286 487 2352 continetur.

203 2402 340 2457 Dponisius
353 2402 464 2448 Chabina
476 2402 501 2447 υἱ
514 2415 536 2450 a.
554 2407 573 2451 t.
585 2415 634 2459 pro
645 2402 784 2448 Guiltermo
799 2405 829 2448 de
846 2404 952 2459 Plasepo
968 2407 1076 2449 tanturn.
1087 2400 1120 2464 (tl

220 2491 273 2556 13.
292 2525 334 2541 -
349 2492 401 2557 ΙΙΙ
418 2491 484 2557 Yd.
502 2528 544 2541 -
563 2490 625 2557 Ob.

221 2608 273 2672 14.
290 2608 381 2673 -ΙΙ
396 2607 462 2674 Yd.
488 2642 533 2657 -
555 2606 616 2673 Ob.

220 2722 484 2789 15.-Ydibus.
500 2723 618 2789 -Ob.
683 2766 686 2772 -
926 2784 930 2789 .

220 2839 272 2905 16.
295 2875 338 2888 -
358 2840 457 2905 XVII
473 2840 644 2906 Kalendas
665 2839 876 2906 Novembris.
895 2876 939 2891 -
958 2840 1048 2907 Obiit
1064 2840 1209 2928 Stepha-

175 2973 239 3019 nus
255 2954 391 3033 Dorbet‚
409 2976 469 3042 pro
493 2976 557 3042 quo
581 2955 683 3022 babet
703 2960 900 3035 conventus,
920 2977 1019 3042 super
1036 2958 1168 3023 vineam
1190 2961 1210 3023 a

177 3070 211 3136 la
230 3070 446 3137 Sablonniere
459 3072 561 3158 juxta
580 3071 768 3139 (berardum
787 3071 947 3140 Lanfeme
966 3074 1002 3138 iii
1025 3092 1052 3139 s.
1076 3078 1103 3140 t.

210 3187 332 3234 [letardus
341 3187 465 3248 butema,
483 3189 501 3235 ti
513 3189 587 3236 clerc.

210 3276 294 3332 Nepos
308 3277 405 3335 Gerart,
425 3279 448 3323 le
464 3279 539 3324 clerc.

211 3470 244 3536 (1)
260 3472 325 3520 cette
342 3454 397 3520 lists
409 3473 439 3520 de
452 3484 524 3520 noma
537 3476 572 3520 est
585 3468 711 3520 ratabliet
722 3471 795 3520 l'atde
811 3472 854 3519 des
868 3471 933 3518 deux
948 3469 1104 3517 manuscrits.

209 3561 245 3624 (2)
261 3564 327 3612 Dans
352 3562 375 3610 le
393 3564 429 3610 Ms
448 3565 477 3610 56
499 3576 532 3610 on
557 3563 664 3624 agralte
685 3575 713 3610 ee
731 3562 776 3623 qui
796 3560 901 3621 precede
922 3566 945 3607 et
967 3560 1017 3606 l'on
1042 3573 1057 3607 a
1079 3559 1214 3606 substitue:

183 3653 280 3700 Relicta
290 3653 406 3710 mapula·
426 3653 551 3700 lobannis
567 3653 645 3698 Parvi
657 3640 733 3698 'tenet
745 3664 825 3698 unam
848 3655 957 3708 partem.
973 3673 1002 3686 -
1018 3650 1145 3700 debanna.
1163 3651 1216 3706 filia

182 3742 313 3787 Guillelml
331 3743 361 3788 de
385 3743 522 3789 Columbars
549 3746 615 3788 tenet
642 3742 728 3801 aliam,
764 3752 841 3798 quam
867 3739 958 3785 emita
985 3739 1038 3796 filia
1065 3738 1161 3783 Giraldi
1186 3738 1217 3780 de

179 3830 277 3876 Benott.

213 3917 247 3980 (31
263 3921 299 3964 De
312 3912 513 3966 Pulchro-Luco.
531 3922 560 3969 M.
572 3922 610 3991 bb·
674 3979 678 3985 ⁶

213 4008 247 4071 [1)
265 4009 310 4056 Ces
326 4021 433 4056 sommas
445 4013 489 4057 out
500 4011 537 4056 tte
548 4011 634 4070 rayees
647 4021 691 4068 par
703 4008 726 4055 la
737 4007 806 4054 main
819 4007 863 4067 qul
878 4019 893 4055 a
905 4007 963 4055 terit
975 4007 1000 4056 la
1011 4010 1066 4055 note
1077 4007 1121 4067 qui
1137 4007 1218 4056 suil'et

183 4097 198 4146 b
214 4098 321 4158 laquelle
332 4099 356 4146 la
367 4099 402 4146 Ms
417 4099 444 4144 56
456 4096 554 4156 ajouta:
571 4099 626 4156 ejus
639 4110 704 4143 uxor
716 4101 790 4144 tenet.

1046 4186 1087 4250 14
