2790 4792
569 399 743 485 .-9-

182 557 320 616 Narratio
336 559 376 615 de
390 563 497 614 sancto
509 557 603 612 Petro
621 555 758 630 apostolo
771 559 801 611 et
818 554 855 610 de
866 553 975 611 ceteris
991 553 1135 627 apostolis
1153 558 1183 611 et

217 656 451 728 euvangelistis.

183 755 224 812 De
233 755 337 825 barba,
346 755 547 823 vestimentis.
556 771 646 812 cruce
653 760 743 829 atque
754 753 854 827 palma
863 750 941 808 beati
949 749 1034 807 Petri
1044 748 1183 824 apostoli.

184 853 226 908 De
244 868 336 926 capsa
355 851 575 926 apostolorum.

164 949 228 1005 ‘De
248 955 354 1006 sancto
373 950 471 1006 Paulo
486 949 632 1024 apostolo.

185 1047 228 1103 De
246 1053 350 1104 sancto
369 1048 503 1104 Andrea.

186 1145 229 1202 De
247 1147 359 1202 sanctis
378 1146 493 1212 Jacobo
511 1150 541 1201 et
559 1146 696 1203 Johanne
714 1144 851 1200 fratibus.

186 1242 229 1298 De
247 1248 352 1299 sancto
367 1243 484 1299 Thoma
500 1242 647 1318 apostolo.
732 1235 735 1241 ’

186 1338 230 1394 ue
248 1340 359 1396 sancus
374 1340 487 1398 Jacouo
503 1345 531 1397 et
545 1326 697 1414 Philippo.

151 1470 157 1479 .
187 1435 230 1492 De
248 1441 352 1493 sancto
371 1437 595 1494 Bartholomeo.

186 1536 230 1592 De
248 1539 353 1592 sancto
371 1534 494 1590 Matheo
509 1533 645 1607 apostolo
664 1538 694 1589 et
713 1533 935 1604 euvangelista.

187 1633 230 1688 De
248 1632 361 1689 sanctis
381 1633 513 1706 Symone
532 1637 562 1689 et
582 1632 672 1689 Juda.

185 1729 230 1785 De
248 1735 353 1787 sancto
372 1728 489 1784 Mathia
506 1727 643 1802 apostolo
661 1734 691 1785 et
710 1729 746 1785 de
766 1735 862 1786 morte
881 1730 958 1787 lude
977 1730 1149 1805 proditoris.

186 1828 231 1883 De
249 1834 354 1885 sancto
372 1828 523 1884 Barnaba.

187 1924 232 1979 De
249 1930 354 1980 sancto
373 1925 456 1981 Luca
474 1925 693 1997 euvangelista.

186 2021 230 2077 Do
249 2026 353 2077 sancto
373 2021 501 2077 Maroho
520 2023 729 2094 euvangelista
744 2028 774 2080 et
791 2023 828 2079 do
840 2005 1033 2097 processione
1047 2023 1186 2080 instituta

225 2139 244 2178 a
261 2120 350 2177 beato
371 2120 529 2191 Gregorio.
558 2167 561 2172 .

186 2219 328 2274 Narratio
347 2218 384 2274 de
398 2218 554 2292 discipulis
571 2219 694 2276 Domini
712 2219 905 2293 septuaginta
920 2219 1046 2276 duobus.

188 2315 343 2379 Quomodo
355 2332 465 2389 corpus
477 2317 573 2372 sancti
585 2317 740 2372 Saviniani
755 2316 934 2372 translatum
955 2317 1012 2372 luit
1032 2317 1063 2371 in
1080 2334 1187 2373 mona-

223 2415 348 2470 sterium
378 2413 482 2469 Sancti
502 2412 587 2470 Petri
608 2414 679 2468 Vivi
703 2414 788 2470 etde
812 2418 917 2470 sancto
937 2413 1115 2482 Victorino,
1131 2414 1186 2470 ho·
1199 2413 1237 2473 20

222 2512 297 2584 spite
310 2528 376 2580 suo,
389 2510 466 2568 etde
478 2510 606 2584 quodam
618 2511 682 2567 filio
695 2506 767 2567 dicti
775 2511 935 2568 Victorini.
997 2499 1002 2505 ’

188 2609 232 2666 De
251 2609 375 2667 sudario
397 2613 427 2665 et
445 2608 597 2665 cineribus
617 2609 714 2665 sancti
737 2608 904 2664 saviniani.

189 2708 232 2764 De
250 2724 378 2780 corpore
397 2708 493 2764 sancti
512 2707 727 2793 potenciana,

190 2805 232 2862 De
251 2822 379 2878 corpore
398 2806 494 2862 sancti
512 2803 618 2870 Altini,
637 2804 804 2861 salvatoris
823 2805 973 2880 discipuli.

192 2902 332 2958 Narratio
351 2902 388 2958 de
408 2901 629 2958 Innocentibus.
720 2965 722 2971 ¹

190 3001 233 3057 De
251 3001 429 3075 corporibus
446 3001 493 3057 IX
511 3001 707 3058 innocentum
727 3019 786 3076 que
807 3003 961 3062 habemus

191 3098 330 3155 Narratio
350 3099 387 3155 dc
407 3099 591 3172 martyribus

190 3196 233 3253 De
251 3196 352 3270 lapide
370 3213 437 3254 cum
465 3214 524 3271 quo
549 3198 654 3255 beatus
674 3199 846 3274 Stephanus
864 3201 1091 3275 prothomartyr
1110 3201 1189 3276 lapi-

229 3295 317 3352 datus
336 3294 392 3351 luit
413 3295 500 3378 etde
519 3296 668 3367 sauguine
687 3298 763 3370 ejus,
792 3287 797 3292 ’

191 3391 233 3447 De
252 3408 380 3466 corpore
399 3393 496 3449 sancti
514 3392 651 3462 Eodaldi,
673 3394 824 3468 martyris.
1201 3402 1240 3467 30

192 3488 234 3544 De
250 3506 378 3563 corpore
397 3489 493 3545 sancti
513 3491 655 3558 serotini,
676 3492 819 3566 martyris
838 3499 868 3550 et
884 3493 983 3551 levite.

192 3586 234 3642 De
254 3592 359 3643 sancto
381 3587 539 3643 Victorino
560 3589 679 3662 hospite
699 3589 795 3647 sancti
815 3592 970 3647 Saviniani
991 3596 1020 3648 et
1039 3592 1076 3648 de
1093 3592 1166 3650 filio.

194 3685 237 3741 De
257 3685 371 3741 sanctis
391 3686 575 3759 martyribus
595 3686 758 3743 Sanctiano
777 3691 807 3744 et
825 3688 1006 3759 Augustino.

192 3783 235 3839 De
254 3782 368 3839 sanctis
387 3782 488 3839 Felice
507 3788 537 3839 et
555 3784 702 3851 Auberto‚
724 3785 917 3857 martyribus.

193 3881 235 3938 De
254 3881 392 3955 reliquiis
404 3883 508 3938 ¹sancti
527 3883 696 3941 Laurencii.

192 3980 234 4036 De
253 3984 359 4037 sancto
377 3979 552 4038 Vincentio.
