2790 4792
560 413 736 478 ..31-

119 555 265 620 deficere
304 558 341 620 et
365 554 519 620 imminui
551 554 774 620 decrescendo
810 553 888 618 dum
919 555 1165 633 consideratur,

121 673 226 736 timor
238 671 281 736 ab
294 672 447 756 utrisque
459 670 570 755 equali
583 675 675 736 sorte
687 674 890 737 removetur.
902 670 1028 735 Verum
1042 669 1168 737 iratres

122 785 282 851 custodes
307 805 402 851 sacre
421 785 559 850 basilice
578 785 663 850 levis
686 785 772 850 visio
791 789 984 851 sauctorum
1010 783 1169 870 frequen-

127 902 195 966 tius
213 877 409 967 letificando
423 901 510 966 letos
527 899 676 966 reddidit
696 904 730 965 et
745 899 822 964 illos
837 898 1026 965 forinsecus
1040 901 1168 986 positos

123 1017 214 1101 ignis
234 1018 332 1100 quasi
350 1017 443 1082 visus
461 1017 629 1083 exterruit
646 1014 703 1080 sed
724 1019 812 1100 post,
829 1014 907 1080 dum
922 1015 1167 1082 incombustum

123 1105 289 1217 templum
313 1131 543 1210 considerant,
573 1132 710 1200 letiores
739 1129 931 1197 efficiuntur
953 1130 1017 1195 hac
1039 1133 1168 1196 visione

124 1249 227 1313 mira.
239 1248 341 1322 Nam,
354 1249 442 1313 sicut
456 1248 595 1332 antiquo
606 1250 757 1333 tempore
766 1246 916 1330 Moyses,
927 1245 1026 1311 dator
1033 1246 1169 1313 Veteris

125 1363 243 1447 Legis,
261 1362 381 1427 rubum
402 1362 520 1428 ardere
545 1363 721 1448 conspexit
741 1366 776 1427 et
798 1381 865 1426 uon
885 1360 1046 1436 comburi,
1073 1362 1122 1428 ita
1136 1367 1170 1427 et

125 1475 175 1540 hii
195 1477 260 1542 hoc
282 1477 523 1543 monasterium
545 1476 678 1542 incendi
704 1476 910 1554 metuebant,
928 1476 986 1542 sed
1010 1497 1077 1542 non
1096 1482 1170 1542 erat

125 1611 255 1656 nocuus
277 1592 385 1677 ignis,
406 1591 464 1657 sed
482 1591 636 1658 visitatio
659 1594 809 1678 angelice
827 1593 966 1660 virtutis
983 1597 1018 1659 et
1034 1597 1218 1665 sancto-10

125 1726 202 1771 rum
237 1726 379 1791 quorum
411 1706 534 1772 ibidem
569 1709 738 1774 retinetur
777 1707 955 1794 multiplex
990 1708 1171 1773 indicibilis

124 1820 321 1886 multitudo.

170 1935 314 2010 Quidam
337 1934 668 2024 iraterreligiosus,⁴
689 1937 823 2008 nomine
852 1936 1023 2003 Arnaldus
1044 1939 1166 2017 senior,

125 2061 242 2126 claves
254 2060 319 2126 loci
332 2063 368 2124 in
383 2081 447 2147 quo
460 2061 552 2128 beati
568 2062 742 2127 Saviniani
763 2063 994 2148 sociorumque
1013 2062 1085 2148 ejus
1101 2082 1170 2127 cor·

124 2195 210 2260 pora
227 2175 450 2242 servabantur
465 2177 591 2242 amisit.
613 2176 739 2242 Eadem
754 2197 834 2242 vero
849 2182 947 2244 nocte
958 2178 1048 2244 circa
1061 2179 1170 2245 noctis

123 2291 272 2356 medium
294 2293 417 2359 lectulo
438 2295 613 2378 quiescens
631 2313 770 2379 sompno
792 2295 909 2361 statim
930 2295 1103 2361 excutitur
1117 2295 1171 2359 vi-

123 2406 243 2491 ditque
262 2426 361 2472 senes
376 2411 412 2473 et
429 2427 527 2486 anus,
554 2408 694 2490 puberes
709 2413 744 2476 et
761 2408 974 2495 juvenculas
1000 2427 1121 2493 pueros
1136 2412 1172 2473 et

121 2521 290 2606 puellulas
313 2522 452 2589 indutos
467 2522 618 2590 vestibus
639 2522 791 2589 candidis
814 2523 968 2589 vultuum
989 2521 1169 2607 hylaritati

125 2637 252 2721 optime
267 2637 477 2716 coherentes
497 2657 571 2704 sese
587 2640 685 2723 quasi
697 2637 739 2702 ad
753 2636 904 2702 divinum
918 2635 1063 2708 officium
1078 2656 1171 2701 com-

124 2751 305 2837 parabant.
336 2752 483 2826 Quorum
503 2752 572 2817 dux
596 2756 728 2839 martyr
754 2751 958 2819 Savinianus
983 2757 1018 2819 et
1034 2752 1170 2838 previus
1180 2768 1220 2840 20

127 2872 215 2934 erat.
239 2867 302 2941 Qui
318 2866 419 2934 fratri
443 2868 635 2954 supradicto
656 2868 742 2934 talia
766 2869 933 2955 spectanti
949 2869 1060 2936 astitit
1084 2871 1170 2935 etei

21 3039 24 3044 .
129 2983 242 3049 claves
278 3003 361 3068 quas
398 2983 591 3069 perdiderat
618 2985 783 3070 porrexit,
828 2987 1004 3071 inquiens:
1048 2987 1171 3052 Frater

130 3101 295 3165 amissum
315 3101 459 3187 suscipe.

173 3214 298 3280 Eadem
312 3235 393 3281 vero
413 3220 523 3292 nocte,
544 3215 670 3283 fratres
692 3216 728 3280 in
746 3215 945 3283 dormitorio
958 3219 1170 3302 quiescentes

128 3349 229 3396 voces
243 3330 430 3416 lugentium
447 3336 481 3397 et
499 3312 731 3417 plangentium
755 3336 866 3398 motus
882 3333 1056 3419 utriusque
1069 3336 1171 3402 etatis

129 3453 164 3514 et
181 3468 282 3512 sexus
299 3449 336 3512 in
354 3452 427 3514 toto
449 3449 577 3514 ambitu
592 3450 791 3516 monasterii
807 3449 997 3518 audierunt.

175 3563 300 3628 Eodem
325 3568 487 3649 tempore,
520 3563 628 3631 frater
653 3564 787 3650 quidam
812 3566 970 3632 membris
988 3572 1023 3634 et
1055 3557 1172 3653 lingua

129 3677 303 3744 defecerat
327 3680 382 3763 qui
410 3680 540 3746 meritis
564 3684 756 3747 sanctorum
787 3681 937 3748 indicto
966 3683 1171 3749 monasterio

128 3795 374 3880 quiescentium
399 3795 523 3880 partim
546 3801 686 3864 sanatus
704 3800 767 3862 est.
796 3795 840 3861 Os
865 3797 985 3883 quippe
1009 3798 1114 3883 ipsius
1129 3798 1172 3863 ad

129 3910 249 3976 laudes
276 3915 471 3976 sanctorum
499 3916 688 3998 martyrum
716 3912 879 3998 aperitur,
901 3912 1029 3999 sibique
1051 3913 1171 4001 pedum
1183 3928 1221 3992 30

128 4046 212 4093 usus
226 4026 268 4093 ad
294 4031 479 4094 conventus
497 4028 683 4116 legittimos
707 4027 880 4094 reducitur
893 4027 1078 4097 adeundos,
