2790 4792
585 442 786 509 -241-

257 652 321 701 nnc
344 652 432 701 soor
457 653 517 701 sun
541 653 769 711 nnnvrnoouro
792 652 857 711 our
887 653 923 700 rrt
944 652 1114 701 breonem

551 770 735 819 occsurum
759 748 816 839 (l).

209 929 276 995 Pro
296 929 485 1010 Guillelmo,
505 933 721 1006 cementario,
740 932 777 998 iii
795 952 824 999 s.
841 937 867 999 t.

200 1047 319 1093 Dominus
335 1048 467 1095 Nicholeus
478 1048 507 1095 de
518 1048 643 1097 Serbonia.

214 1139 280 1203 Pro
298 1138 455 1204 Rioherio
472 1140 577 1207 Doart
589 1144 623 1207 et
636 1128 860 1226 Huldeburgi,
877 1159 994 1218 uxore,
1011 1160 1032 1205 v
1048 1159 1072 1205 s·
1091 1143 1118 1206 t.

198 1254 324 1301 lohannes
339 1255 421 1302 dietus
431 1255 450 1302 li
467 1253 619 1303 Dimonatiii
634 1268 655 1306 s.
670 1256 695 1302 vi
709 1255 754 1303 d.i
768 1269 791 1303 o.

198 1344 325 1392 Jebennes
338 1345 469 1393 Lomberdi
485 1346 548 1393 xviii
559 1347 583 1394 d.

213 1435 281 1500 Pro
296 1434 473 1502 Guillelmo
486 1436 700 1504 Cambelleno
714 1440 749 1503 et
764 1437 922 1524 Thyecie,
945 1457 1063 1518 uxore,
1078 1438 1112 1505 vi
1129 1457 1156 1504 s.
1178 1440 1205 1505 t.

200 1548 295 1599 Relicto
312 1551 342 1600 Il.
358 1552 421 1599 Roce
432 1552 450 1599 ii
464 1565 485 1600 s.
498 1557 516 1604 t.

201 1640 314 1687 Clemens
328 1641 439 1689 carnifex
453 1642 492 1689 iiii
502 1655 523 1690 s.
537 1646 552 1690 t.

214 1731 281 1797 Pro
298 1731 449 1798 Gnidone
470 1731 510 1798 de
531 1733 706 1821 Montegni
719 1735 883 1815 Lencout,
904 1737 1023 1815 milite,
1041 1742 1077 1806 et
1090 1755 1209 1816 uxore,

172 1867 195 1913 x
214 1868 242 1913 s.
257 1852 284 1915 t.

200 1963 280 2011 Liberi
297 1965 409 2013 defuncti
424 1964 508 2015 serisii
523 1967 636 2015 berrilli.

203 2127 235 2191 (l)
252 2130 298 2177 Sur
309 2130 332 2176 le
342 2130 436 2178 feuillet
449 2132 493 2191 qui
506 2132 616 2192 procede,
627 2145 676 2180 une
689 2133 758 2180 mein
771 2135 805 2181 du
818 2134 1002 2182 dix-fruitieme
1013 2133 1087 2182 siecle
1099 2147 1113 2181 e
1126 2132 1212 2181 inserit

172 2219 234 2266 dens
249 2219 326 2268 tells.
339 2223 376 2277 56,
393 2222 429 2270 les
443 2223 508 2271 deux
519 2224 646 2284 epitaphes
657 2225 785 2273 solventes
798 2242 804 2273 ε

207 2354 219 2381 «
233 2337 351 2397 Epitaphe
369 2338 399 2386 de
416 2339 496 2387 sainte
520 2337 708 2396 Tlreodeohilde,
726 2338 864 2390 fondatrioe
884 2344 915 2392 de
935 2341 1212 2400 Saint-Pierre-le-Vif,

172 2433 222 2481 lille
239 2435 268 2480 de
286 2433 376 2488 Clovis,
394 2435 417 2478 et
438 2431 567 2490 religieuse
583 2431 613 2478 de
633 2443 660 2477 ce
684 2431 822 2479 monestere
839 2432 919 2494 royel,
939 2432 1021 2493 lequel
1045 2447 1061 2480 e
1072 2435 1122 2480 este
1136 2432 1212 2479 ferme

171 2524 232 2568 dens
246 2523 270 2569 le
282 2521 397 2568 mureille
408 2521 438 2568 de
454 2521 556 2581 legtlse,
569 2534 602 2568 eu
620 2520 671 2568 lieu
687 2522 721 2570 otr
739 2523 842 2571 estoient
860 2536 899 2571 see
915 2524 995 2570 sacres
1011 2534 1145 2578 ossemens,
1163 2533 1212 2581 que

173 2614 201 2660 ll.
222 2612 411 2670 l'flrclrevesque
430 2610 460 2658 de
485 2611 545 2657 Seos
562 2610 682 2659 transfere
706 2626 739 2660 eu
755 2613 849 2661 tbresor
872 2613 922 2660 l'en
945 2613 1015 2675 tole,
1037 2612 1061 2659 le
1087 2613 1115 2660 lo
1140 2611 1210 2659 d'oc·

172 2704 246 2751 toble.
259 2719 274 2745 te

358 2775 430 2822 Hunc
443 2776 529 2836 regine
543 2776 624 2823 locum
636 2776 765 2823 monachis
781 2776 917 2825 construxit
929 2776 960 2824 ab
976 2776 1027 2824 ime

466 2864 596 2925 Techildis,
610 2866 683 2912 rebus
695 2863 852 2915 nobilitando
863 2867 924 2924 suis,

349 2955 425 3015 Cujus
439 2969 516 3013 nunc,
532 2955 589 3002 licet
600 2955 648 3002 hoc
660 2966 750 3015 corpus
765 2955 896 3004 claudetur
908 2956 935 3004 in
947 2959 1026 3014 entre,

451 3046 556 3107 Spiritus
565 3046 682 3106 astrigero
691 3046 754 3094 vivit
767 3046 794 3093 in
811 3060 858 3095 ere
872 3048 928 3104 Deo,

367 3136 505 3196 lmplorens
520 3136 593 3182 cortis
602 3136 751 3196 pectoribus,
763 3136 841 3198 eugel
855 3138 965 3185 Beatum.

449 3228 493 3274 Det
511 3225 666 3285 rapientibus
683 3226 742 3273 hine
754 3225 821 3273 heul
841 3227 907 3274 mele
918 3227 994 3287 digua
1013 3228 1086 3274 Deus.

203 3353 346 3414 “Epitaphe
362 3351 392 3399 de
404 3350 504 3409 Resole,
519 3351 567 3398 duc
584 3351 752 3414 d'rtquiteine,
763 3351 882 3413 religieux
894 3353 925 3400 de
945 3351 1212 3401 seint-Pierrele-Vif.

171 3446 190 3492 ll
205 3445 242 3491 fut
256 3443 333 3490 ferme
351 3442 385 3489 du
398 3455 492 3489 mosmo
504 3444 578 3500 coste,
593 3441 655 3488 dens
666 3440 691 3488 la
702 3454 795 3488 mesme
805 3440 929 3503 murciflo,
945 3441 1032 3501 euprbs
1043 3442 1073 3489 de
1084 3439 1214 3501 l’epiteplre
1297 3426 1300 3433 ¹

173 3534 203 3581 tle
218 3532 298 3580 seinte
308 3529 496 3588 Theodeclriltle,
513 3532 637 3579 ensomble
649 3544 687 3578 eos
700 3535 843 3580 ossemenls.
859 3547 873 3576 n

363 3650 417 3696 Dux
427 3650 612 3710 Aquitonensis.
623 3652 761 3698 monachus
775 3649 874 3698 tandem
886 3647 1043 3706 Senonensis,

435 3741 480 3787 llic
491 3741 580 3800 tegitur
594 3741 705 3800 Besolus,
721 3741 789 3788 Petro
804 3742 884 3802 Beate,
900 3742 966 3796 tuus,

357 3830 442 3891 Quem,
454 3829 578 3893 Teclrilde,
598 3833 655 3878 tuus
667 3833 735 3891 peter
744 3833 767 3877 et
778 3843 821 3876 rex
830 3830 870 3877 det
880 3828 1035 3877 chlodoveus
1107 3846 1110 3851 ·

441 3918 502 3966 (lum
514 3920 601 3967 multis
613 3920 701 3980 petriae
710 3920 784 3967 rebus
799 3917 961 3979 Aquitanico,

360 4009 424 4064 Ques
443 4008 487 4056 tibi
501 4009 545 4068 qui
556 4009 639 4056 tulerit
650 4008 758 4068 peradisi
770 4008 828 4056 flore
838 4007 938 4064 carebit,

447 4100 546 4159 lugens
562 4100 615 4147 bec
629 4099 726 4157 hebcet,
740 4110 797 4147 cum
813 4099 899 4148 basolo
910 4099 998 4150 veleet.

1060 4194 1101 4265 16
