2790 4792
586 437 783 502 -211-

209 581 266 646 23.
285 614 328 629 -
342 579 375 644 Χ
390 577 467 644 Kal.
489 614 533 628 ·-
552 577 714 646 Obieruut
729 579 939 647 Theobaldus
955 583 990 648 et
1005 578 1199 647 Guibeletus

170 693 208 759 de
229 695 449 772 Monasterio,
469 714 530 780 pro
551 694 670 779 quibus
685 694 787 761 habet
804 700 998 769 conventus,
1025 714 1126 781 super
1149 697 1203 760 vi-

172 829 268 873 neam
293 811 328 872 in
348 810 472 894 plantis
492 810 583 875 ultra
600 829 660 874 rue
684 807 810 891 d'Erse‚
831 830 852 874 v
868 831 895 874 s.
912 831 959 895 p.,
979 810 1012 875 ui
1028 808 1060 875 d.
1078 810 1203 876 elemo-

172 925 256 1006 sina,
284 925 372 990 vid.
395 924 596 1010 pulsatores.
632 924 830 1008 Contionum
857 930 953 990 uinea
972 927 1125 1008 defuncti
1140 927 1202 991 lte-

172 1042 300 1122 paonob'
317 1043 446 1124 Esposse
467 1050 498 1105 et
517 1045 614 1106 vinee
637 1045 793 1125 mopinot
808 1041 987 1107 Michaelis.

202 1156 335 1215 Jacquatus
348 1157 439 1203 Barrau
457 1156 487 1202 iii
502 1169 523 1202 s.
539 1170 565 1216 p.

201 1247 335 1294 Nioholaus
349 1246 460 1301 Quarliar
477 1246 505 1292 iii
520 1259 540 1293 s,
558 1259 583 1305 p.

204 1339 274 1383 Uxor
285 1338 400 1393 defuncti
410 1338 479 1382 Petri
496 1337 624 1383 Avunculi
640 1341 750 1387 tanea-
760 1338 889 1384 lohannes
902 1339 962 1384 Joce
975 1342 1040 1384 tenet
1055 1338 1083 1383 iti
1094 1351 1117 1386 a.
1126 1351 1154 1395 p.

214 1429 270 1492 24.
297 1461 340 1476 -
360 1425 451 1492 Obiit
467 1427 601 1512 Burgis,
620 1445 680 1512 pro
697 1445 761 1511 qua
777 1425 879 1493 habet
893 1431 1093 1507 conventus,
1104 1445 1204 1514 super

174 1543 378 1629 quarterium
396 1542 492 1608 vinee
508 1541 543 1604 in
559 1540 713 1622 Challiel,
736 1541 782 1607 vii
798 1539 830 1608 d.
845 1562 877 1626 p.

203 1657 306 1704 Curatus
318 1656 400 1716 Sancti
413 1657 551 1706 Saviniani.

216 1751 302 1815 Item
320 1768 381 1835 pro
396 1747 523 1827 eadem,
541 1768 640 1835 super
654 1747 787 1814 domum
810 1747 959 1817 defuncti
971 1749 1151 1817 Theobaldi
1164 1749 1205 1816 de

174 1864 379 1929 Monasterio
394 1883 437 1929 an
451 1883 510 1929 rue
523 1863 652 1942 d'Erse,
674 1864 722 1929 xii
737 1886 769 1950 p.

202 1980 254 2025 Non
268 1982 472 2038 computatur..-
488 1981 642 2038 Requiratur
654 1982 705 2025 dou
721 1982 832 2027 manian.

214 2071 269 2135 25.
293 2107 337 2116 -
357 2069 439 2134 VIII
457 2069 536 2136 Kal.
555 2105 598 2120 -
622 2068 712 2136 Obiit
734 2070 933 2148 LandriouS‚
959 2071 1141 2136 monachus
1165 2070 1205 2136 de

175 2184 325 2263 Sauram,
343 2205 402 2272 pro
417 2204 481 2270 quo
494 2186 596 2252 habet
611 2190 808 2266 conventus,
825 2187 911 2273 apud
931 2187 1085 2254 Naudum
1106 2207 1206 2275 super

175 2307 300 2367 terram
315 2323 378 2387 que
394 2301 517 2369 dieitur
531 2303 688 2389 Foysom,
704 2303 750 2369 vii
765 2324 792 2368 s.
809 2308 852 2382 t,
866 2305 899 2370 vi
914 2302 944 2370 d.
964 2304 1158 2384 elemosina,
1172 2306 1205 2372 vi

176 2416 206 2482 d.
230 2417 431 2503 pulsatores.

204 2532 285 2579 Liberi
301 2531 420 2580 defuncti.
435 2533 523 2580 Folleei
536 2533 635 2581 Davilli

204 2623 325 2681 Magister
343 2625 398 2671 Gilo
414 2625 553 2671 Golameile

216 2713 271 2778 26.
291 2712 415 2778 -IVI
442 2713 519 2779 Kal.
551 2751 594 2762 —
614 2712 705 2780 Obiit
724 2713 925 2794 LudovIouS,
947 2716 1031 2798 Rex,
1054 2736 1114 2802 pro
1141 2736 1205 2802 quo

177 2827 277 2896 habet
262 2833 483 2908 tconventus,
497 2834 731 2916 superterram
744 2830 844 2921 sitam
857 2851 939 2919 erga
949 2832 1126 2901 Sanctum·
1128 2835 1209 2898 Pro·

174 2943 299 3030 jectum
320 2966 382 3031 que
403 2945 468 3013 luit
491 2947 522 3012 J.
550 2946 778 3026 Saoheavene,
793 2948 852 3014 viii
876 2968 903 3015 s.
929 2952 955 3016 t.
983 2952 1036 3016 Au
1059 2951 1151 3035 chief
1168 2949 1207 3014 ute

181 3061 350 3148 Cape-pte.

208 3181 333 3227 Iohannes
349 3180 390 3227 des
406 3181 484 3238 Lines,
497 3183 636 3231 olrarrelier.

210 3271 460 3332 monendomum,
474 3273 543 3329 filius
555 3273 688 3332 Jonannta,
702 3275 850 3324 aberreti'er.

220 3359 276 3424 27.
293 3395 337 3408 ·-
350 3358 399 3423 Vl
420 3360 497 3427 Kal.
514 3395 558 3410 -
576 3360 667 3428 ObiIt
688 3360 870 3428 Gaufridns
885 3360 910 3425 li
927 3360 1038 3438 Pelen,
1066 3379 1126 3446 pro
1143 3379 1208 3445 quo

178 3474 277 3542 habet
292 3480 488 3554 conventus,
505 3496 605 3562 snper
627 3480 754 3544 terram
770 3481 804 3543 et
820 3477 952 3542 vineam
968 3495 1051 3561 quas
1067 3475 1210 3561 adquIsi·

180 3593 226 3658 vit
243 3592 408 3678 prioratui
431 3592 750 3671 Sancti-Sanctiani,
768 3614 790 3660 v
806 3614 833 3660 s.
851 3614 897 3679 p.,
914 3592 949 3658 vi
963 3590 996 3658 d.
1014 3590 1208 3669 elemosina,

180 3709 212 3772 vi
228 3708 261 3774 d.
278 3709 478 3795 pulsatores.

209 3824 326 3880 laqueius
337 3823 429 3870 Barrau
446 3824 475 3870 iii
492 3837 512 3871 s.
527 3837 552 3884 p.

212 3913 293 3960 Petrus
308 3914 464 3973 d'illomant
477 3914 506 3960 iii
519 3925 540 3960 s.
557 3928 582 3974 p.

211 4003 330 4049 Thiebaut
346 4005 377 4049 de
385 4003 510 4049 chaalona
521 4006 596 4061 clerc,
610 4004 638 4048 iii
647 4017 675 4060 p.

211 4093 343 4150 Philippus
356 4093 425 4149 filius
436 4093 506 4140 Petri
518 4094 550 4139 de
558 4093 701 4140 Alamante.
