2790 4792
560 417 741 488 -17-

125 569 283 655 apparuit
306 571 343 634 et
370 567 582 634 Salvatorem
607 571 725 634 natum
752 565 982 632 annunciavit.
1011 561 1172 630 Pastores

126 702 205 769 ergo
216 684 396 748 venientes
413 685 521 748 totum
537 682 626 753 sicut
641 681 782 767 angelus
797 680 932 745 dixerat
947 680 1169 773 invenerunt.

122 797 220 876 Item,
242 818 305 885 per
328 797 550 864 Octovianum
570 799 639 882 qui,
657 798 740 864 visis
759 797 866 883 signis
884 795 1081 864 nativitatis
1106 796 1175 859 Do·

114 913 205 991 ,mini
231 915 267 978 et
293 911 412 978 audita
437 895 576 987 sibilla,
605 928 672 977 nec
690 912 778 977 Deus
801 928 864 976 nec
887 912 1046 976 Dominus
1066 910 1175 975 voluit

122 1028 304 1093 nominari.
330 1028 433 1106 Item,
461 1024 631 1093 Sodomita
654 1026 690 1090 iu
714 1025 830 1092 eadem
856 1030 955 1094 nocte
983 1024 1175 1092 nativitatis

127 1142 262 1208 Domini
275 1161 391 1207 omnes
406 1141 550 1208 extincti
569 1145 660 1208 sunt.

167 1257 294 1331 Quinto
317 1260 351 1323 et
373 1257 505 1333 ultimo,
527 1255 695 1322 nativitas
723 1256 856 1320 Domini
875 1259 1012 1321 ostensa
1032 1253 1096 1321 fuit
1117 1275 1175 1339 per

128 1377 304 1440 creaturas
318 1393 382 1458 que
395 1371 523 1439 habent
538 1391 625 1448 esse,
639 1371 766 1448 vivere,
781 1369 974 1436 discernere
996 1375 1031 1437 ct
1044 1367 1173 1434 intelli-

133 1507 223 1572 gere,
241 1492 280 1554 ut
300 1487 425 1574 angeli.
443 1487 555 1573 Ipsam
571 1505 654 1554 vero
676 1484 809 1552 Christi
829 1485 1044 1553 nativitatem
1063 1483 1175 1569 angeli

131 1602 325 1686 pastoribus
341 1602 646 1668 annunciaverunt.
665 1601 775 1687 Igitur
789 1621 872 1687 puer
895 1604 996 1668 natus
1011 1605 1064 1667 est
1079 1599 1174 1666 nobis
1189 1603 1224 1664 lo

129 1738 174 1782 ex
185 1717 311 1794 Maria,
323 1720 562 1801 antepartum,
576 1716 610 1781 in
628 1720 729 1801 partu
745 1720 780 1782 et
794 1720 869 1801 post
882 1720 1017 1802 partum
1027 1715 1172 1801 virgine.

132 1830 261 1898 Octava
291 1830 345 1896 die
368 1810 585 1908 circoncisus,
615 1830 874 1898 terciodecimo
902 1832 956 1896 die
984 1831 1175 1897 nativitatis

132 1946 349 2031 sueaMagis
364 1945 537 2025 adoratus,
563 1947 631 2030 qui,
652 1945 752 2012 stella
776 1945 871 2023 duce,
896 1965 996 2033 quam
1016 1944 1175 2011 viderunt

51 2118 53 2123 ,
131 2061 167 2124 in
186 2059 323 2126 Oriente
340 2059 383 2126 ad
405 2080 481 2126 eum
504 2065 672 2129 venerunt
688 2065 723 2126 et
748 2061 779 2124 ei
802 2079 942 2125 munera
958 2059 1173 2126 obtulerunt:

128 2173 273 2259 Gaspar,
304 2190 454 2254 aurum;·
473 2174 644 2253 Baltasar,
672 2176 772 2254 thus;
803 2174 986 2251 Malchion,
1018 2175 1170 2239 mirram.

128 2288 394 2375 Quadragesimo
408 2288 462 2354 die
477 2298 554 2375 post
567 2291 785 2357 nativitatem
802 2290 837 2354 in
854 2289 978 2375 templo
993 2293 1174 2374 presenta-

134 2407 190 2469 tus
210 2409 263 2470 est
273 2407 346 2471 eta
364 2405 529 2489 Symeone
542 2410 709 2492 receptus.

81 2540 85 2544 ’
172 2518 299 2585 Eadem
314 2540 395 2586 vero
408 2519 462 2585 die
475 2540 542 2605 qua
555 2522 648 2607 Magi
665 2541 741 2587 eum
754 2520 995 2598 adoraverunt,
1014 2520 1175 2587 revolutis

129 2635 253 2721 viginti
267 2653 388 2701 novem
404 2635 503 2700 annis
527 2639 561 2702 et
584 2635 746 2702 tredecim
764 2634 893 2713 diebus
920 2640 960 2701 ut
985 2635 1034 2701 ait
1049 2635 1173 2712 Lucas,

131 2755 206 2817 erat
219 2751 385 2837 incipiens
401 2752 498 2835 quasi
513 2769 678 2816 annorum
699 2752 856 2838 triginta,
880 2755 961 2817 tuno
981 2771 1002 2816 a
1021 2742 1224 2816 lohanneitl

131 2863 324 2950 baptizatus
346 2864 411 2933 fuit
440 2867 476 2930 in
500 2865 660 2932 Jordane.
690 2866 894 2952 Quicumque
922 2871 1030 2933 totam
1053 2867 1174 2933 seriem
1234 2952 1240 2963 .

131 2981 360 3048 sacratissime
384 3000 442 3046 sue
465 2981 737 3048 conversationis
757 2982 843 3047 scire
866 2981 1024 3059 voluerit,
1051 3001 1175 3046 euvan-

132 3096 331 3181 gelistarum
354 3097 525 3163 volumina
552 3097 712 3182 respiciat
731 3101 766 3163 et
782 3097 985 3182 Scripturas
1013 3097 1172 3162 Matheus

130 3230 273 3299 namque
289 3231 310 3276 a
324 3212 506 3278 nativitate
519 3212 687 3278 dominica
710 3211 885 3278 exordium
911 3231 1045 3279 sumens
1065 3193 1170 3296 usque

110 3412 114 3424 ι
132 3324 173 3403 ad
198 3330 331 3411 tempus
353 3327 518 3392 dominice
548 3327 809 3395 resurrectionis
831 3328 951 3393 seriem
975 3348 1033 3394 sue
1054 3346 1173 3393 narra·

128 3441 233 3507 tionis
248 3441 418 3527 perduxit.
437 3424 599 3508 Marchus
616 3442 657 3508 ab
670 3443 773 3509 inicio
789 3443 1005 3529 euvangelice
1020 3442 1175 3528 predica-

130 3557 235 3622 tionis
262 3557 427 3643 incipiens
450 3559 605 3644 pervenit
623 3579 728 3644 usque
752 3559 795 3625 ad
816 3563 947 3645 tempus
967 3559 1175 3625 ascensionis

130 3675 263 3740 Domini
279 3679 314 3742 ct
337 3657 577 3761 predicationis
593 3674 832 3761 discipulorum
855 3675 927 3760 ejus
952 3674 1083 3740 cunctis
1098 3693 1176 3759 gen·

128 3792 219 3859 tibus
246 3813 308 3880 per
332 3793 457 3860 orbem.
482 3794 591 3862 Lucas
619 3814 640 3859 a
671 3793 853 3865 nativitate
886 3792 1095 3879 precursoris
1123 3793 1178 3857 in-

128 3906 260 3973 choans*
277 3909 513 3994 euvangelium
535 3909 730 3976 terminavit
742 3909 778 3973 in
796 3895 996 3974 ascensione
1010 3907 1176 3995 dominica
1187 3912 1229 3976 30

127 4042 201 4090 cum
218 4022 404 4092 redeuntes
423 4022 832 4110 discipuli'lerosolimam
845 4023 1038 4092 adventum
1061 4022 1177 4091 Sancti

996 4143 1020 4208 2
