2790 4792
603 407 802 470 -117-

185 547 248 612 tuis
266 545 436 612 beneficiis
461 527 676 634 gratulentur
695 552 730 614 et
749 547 893 616 reddant
914 547 977 614 tibi
995 552 1075 616 vota
1096 569 1157 614 sua
1179 550 1219 615 de

183 660 232 726 die
250 661 285 725 in
301 661 400 740 diem,
417 662 630 748 proficientes
654 664 689 728 in
707 664 826 731 melius
848 664 890 730 ad
914 665 1091 731 eeclesiam
1120 686 1220 732 sanc-

181 784 260 856 tam,
280 784 315 846 et
327 780 370 845 da
383 780 678 866 sanitatemsuper
691 800 807 846 omnes
829 779 992 847 infirmos.
1017 782 1110 847 Tunc
1126 783 1221 849 venit

180 916 243 961 vox
258 895 298 960 de
320 895 391 961 celo
409 895 522 962 dicens
546 897 599 962 ei:
627 896 789 964 Consorta
810 901 857 974 te,
881 916 1004 983 sponsa
1019 917 1093 963 mea
1106 898 1219 964 inma-

180 1013 301 1091 culata,
319 1015 415 1099 virgo
437 1019 471 1081 et
488 1015 622 1093 martir,
647 1014 725 1100 qnia
751 1014 912 1080 exaudita
938 1018 991 1080 est
1013 1015 1122 1080 oratio
1144 1018 1215 1081 tua.

180 1129 269 1195 Tune
283 1131 392 1197 erexit
415 1151 450 1195 se
476 1151 550 1196 cum
566 1129 702 1218 gaudi0,
722 1131 888 1217 aspiciens
905 1131 939 1194 in
961 1129 1082 1208 celum,
1105 1129 1214 1197 dixit:

179 1245 260 1311 Ecce
286 1246 383 1313 video
413 1268 510 1332 quem
541 1250 665 1324 amavi,
699 1268 795 1333 quem
823 1249 963 1333 quesivi,
989 1268 1085 1333 quem
1114 1248 1224 1336 dilexi,

179 1367 286 1429 mente
303 1368 337 1431 et
352 1384 436 1449 puro
449 1362 559 1429 corde.
576 1365 659 1441 Ecce
672 1364 769 1431 video
782 1364 908 1430 claram
922 1365 1010 1429 viam
1033 1363 1217 1451 fulgentem

179 1478 217 1543 ad
242 1480 408 1546 orientem
427 1485 546 1546 contra
566 1480 672 1545 celum
695 1480 942 1566 respicientem.
968 1479 1075 1545 Video
1098 1480 1217 1546 choros

179 1597 373 1685 angelorum
399 1598 597 1675 clamantes
624 1597 744 1663 choros
766 1596 995 1683 apostolorum
1013 1599 1047 1661 in
1070 1598 1217 1665 adventu
1231 1593 1267 1655 10

179 1732 248 1779 meo
278 1711 477 1800 gaudentes,
511 1712 632 1779 choros
665 1713 843 1778 martirum
874 1711 1070 1798 psallentes
1097 1712 1217 1779 choros

180 1829 407 1896 confessorum
420 1829 605 1915 psallentes
619 1835 652 1898 et
664 1829 784 1896 turbas
797 1829 967 1916 uirginum
987 1831 1189 1897 invittantes
1207 1852 1214 1910 ς
1260 1814 1263 1819 ’

179 1948 275 2013 Mane
288 1946 461 2013 nobiscum
477 1947 511 2011 in
529 1952 694 2013 eternum.
722 1948 815 2011 Tunc
829 1946 953 2012 iterum
970 1945 1060 2011 facta
1081 1948 1132 2010 est
1151 1965 1217 2010 vox

179 2064 215 2129 de
235 2064 306 2129 celo
324 2063 459 2128 dicens:
477 2063 576 2140 Veni,
594 2063 718 2130 dilecta
734 2081 820 2141 mea,
844 2061 886 2126 ad
909 2067 1025 2147 portas
1051 2059 1213 2147 paradisi,

186 2179 281 2246 hodie
296 2179 463 2245 coronabo
475 2185 528 2259 te;
550 2178 646 2245 modo
665 2185 736 2246 tres
760 2197 882 2244 corone
900 2175 962 2244 tibi
984 2182 1063 2243 sunt
1077 2179 1214 2262 parate;

180 2317 242 2361 una
270 2299 323 2362 est
346 2294 429 2361 fides
452 2296 635 2374 castitatis
661 2295 729 2360 alia
747 2293 865 2360 effusio
894 2293 1079 2380 sanguinis
1110 2292 1216 2358 tercia

179 2412 360 2497 adquisicio
380 2411 589 2498 populorum.
611 2410 792 2497 Ingredere
807 2410 842 2474 in
860 2429 1000 2496 regnum
1024 2428 1145 2485 meum,
1161 2409 1215 2471 iu-

178 2532 227 2593 ter
255 2528 376 2593 choros
408 2532 601 2611 sanctorum
634 2525 813 2614 gaudebis,
847 2525 958 2612 angeli
987 2523 1211 2611 paranimphi‚

179 2643 332 2712 Christus
356 2649 468 2711 autem
497 2665 651 2732 sponsus.
677 2646 770 2709 Tunc
795 2643 882 2710 dixit
902 2647 1019 2709 sancta
1038 2641 1215 2727 spiculato-

176 2761 292 2826 ribus:
318 2761 476 2827 Accedite
501 2762 567 2826 buc
592 2759 717 2826 fratres
745 2760 823 2837 mei,
853 2765 887 2826 et
913 2758 1013 2825 facite
1033 2757 1263 2839 secundumgo

175 2880 376 2962 preceptum.
399 2878 492 2942 Tunc
517 2876 693 2943 inclinavit
710 2877 895 2962 preciosam
917 2875 1079 2940 cervicem
1103 2894 1210 2952 suam,

175 2996 207 3058 et
229 2996 491 3078 amputaverunt
520 2991 627 3078 capud
651 2992 735 3078 ejuS,
769 2995 803 3057 et
830 3010 926 3055 nemo
955 2990 1040 3056 vidit
1069 2990 1212 3076 amplius

175 3109 227 3174 ubi
252 3107 356 3174 fuerit
379 3109 538 3194 positum.
563 3108 646 3174 Erat
665 3108 765 3173 homo
785 3107 900 3193 justus
924 3109 1024 3191 atque
1044 3105 1212 3192 perfectus

175 3226 307 3291 nomine
322 3225 529 3301 Theotimus,
550 3224 607 3309 qui
621 3222 703 3290 tulit
721 3240 841 3308 corpus
863 3222 1007 3308 virginis
1023 3226 1057 3287 et
1070 3222 1211 3288 involvit

175 3338 253 3405 illud
275 3341 310 3405 in
327 3339 466 3404 sindone
484 3337 620 3415 munda,
640 3343 674 3404 et
693 3339 791 3405 unxit
808 3337 1016 3404 aromatibus
1041 3343 1075 3403 et
1098 3339 1211 3424 posuit

175 3454 254 3521 illud
271 3457 306 3520 in
324 3460 540 3522 monumento
559 3475 618 3520 suo
633 3475 732 3533 novo,
756 3455 842 3540 quod
862 3454 1035 3520 exciderat
1049 3456 1084 3518 in
1098 3459 1206 3541 petra.

174 3572 278 3639 Erant
294 3577 405 3639 autem
425 3571 470 3636 ibi
487 3575 638 3638 astantes
659 3572 724 3637 uiri
742 3572 927 3658 nonaginta
943 3591 1073 3648 novem,
1089 3591 1211 3656 excep-

172 3689 214 3753 tis
249 3689 401 3774 parvulis
440 3693 474 3754 ct
512 3687 719 3766 mulieribus,
751 3689 807 3773 qui
842 3688 1022 3754 audierunt
1063 3689 1208 3753 sonitum

172 3824 342 3891 magnum,
369 3803 502 3888 quando
519 3804 657 3889 spiritus
674 3804 745 3890 ejus
762 3803 933 3870 ferebatur
948 3805 982 3867 in
1007 3805 1122 3869 celum.
1144 3805 1210 3869 Au-

171 3919 305 3987 dierunt
331 3939 430 3986 voces
460 3919 654 4006 angelorum
684 3919 944 3986 vociferancium
985 3940 1058 3984 cum
1086 3921 1257 4007 gaudio30

171 4057 304 4123 magno,
324 4042 359 4104 et
372 4057 470 4102 nemo
485 4036 616 4102 audivit
632 4057 729 4102 voces
746 4036 880 4101 illorum
897 4036 962 4100 nisi
975 4035 1069 4122 digni
1079 4039 1113 4100 et
1122 4036 1207 4121 justi
