2782 4786
585 393 775 458 -177-

203 535 237 599 5.
256 569 299 586 -
314 534 436 600 Nonis.
451 532 603 600 —Obiit
619 533 849 615 ,Theobaldus
873 534 1020 609 decanus
1045 534 1085 600 de
1105 533 1195 601 Vau-

161 667 271 725 mour,
284 668 345 734 pro
357 668 422 734 quo
431 647 534 739 habet
546 654 732 717 conventus
742 650 777 714 in
793 649 896 716 bursa
909 648 1070 716 abbatisv
1081 669 1107 714 s.
1118 669 1192 735 par.

192 763 280 810 iuna.

202 851 236 916 6.
252 887 295 901 -
310 852 394 916 VIII
407 852 472 918 Yd.
491 889 536 900 -
550 852 612 919 Ob.

200 971 232 1032 7.
252 1005 295 1015 —
315 968 379 1032 VII
403 967 469 1033 Yd.
481 1005 525 1016 —
539 967 632 1035 Obiit
658 968 853 1054 GuiburgiS,
881 967 1001 1033 relicta
1013 967 1193 1053 Coignaut,

155 1102 301 1168 proque
325 1081 429 1150 habet
449 1085 647 1160 conventus,
666 1101 766 1167 super
787 1083 920 1147 vineam
941 1101 1004 1165 que
1029 1085 1082 1148 est
1105 1081 1195 1147 ultra

155 1198 284 1264 Nucem
300 1197 341 1262 de
358 1197 543 1275 Orooart,v
558 1218 586 1262 s.
602 1216 692 1285 par„
703 1199 736 1263 vi
749 1196 783 1263 d.
800 1182 997 1272 elemosina,
1012 1196 1057 1262 vi.
1073 1195 1106 1260 d.
1116 1195 1193 1280 pul-

158 1314 304 1380 satores.

187 1428 307 1486 Robinus,
318 1427 434 1485 olemus,
449 1431 474 1473 et
491 1427 651 1486 Guitlelmus,
678 1429 781 1484 fratrea
801 1431 831 1474 de
858 1433 947 1475 sancto
969 1428 1095 1474 Germano
1110 1433 1195 1472 tenear

156 1514 482 1561 GalteriusdeBeoetenet.
496 1512 531 1575 (l)
623 1552 627 1558 .

200 1601 231 1666 8.
247 1639 291 1650 -
305 1603 354 1668 VI
374 1601 441 1668 Yd.
457 1640 501 1650 —
524 1601 689 1670 Obierunt
712 1603 904 1679 Renaudus,
937 1604 1127 1690 prepositus
1153 1603 1194 1669 de

154 1716 334 1782 Venisiaoo
349 1722 383 1783 et
398 1717 469 1804 ejus
481 1737 578 1795 uxor,
589 1738 649 1803 pro
666 1717 785 1803 quibus
803 1718 906 1786 habet
917 1723 1117 1797 conventus,
1136 1739 1195 1798 su-

154 1852 216 1916 per
229 1831 457 1898 molendinum
471 1830 530 1896 des
542 1832 687 1899 Paillart
699 1835 757 1900 viii
782 1854 808 1898 s.
827 1838 867 1916 t.‚
879 1835 928 1899 xii
944 1833 976 1900 d.
996 1834 1191 1910 elemosina,

153 1945 203 2009 xii
217 1943 249 2010 d.
266 1947 468 2031 pulsatores.

198 2060 283 2127 Item
305 2060 389 2129 obiit
403 2062 582 2142 Gobertus,
599 2082 794 2142 conversus,
814 2084 874 2149 pro
900 2085 964 2149 quo
987 2065 1090 2133 habet
1115 2083 1191 2130 oon·

152 2180 301 2255 ventus,
332 2197 432 2263 super
467 2198 605 2244 censum
643 2182 678 2245 et
718 2182 852 2264 pratum
886 2199 949 2264 que
986 2179 1190 2265 adquisivit,

152 2290 214 2355 viii
227 2313 253 2359 s.
267 2298 310 2372 t.,
325 2295 374 2358 xii
390 2293 422 2360 d.
440 2294 637 2371 elemosina,
652 2295 701 2359 xii
717 2293 749 2358 d.
763 2293 967 2379 pulsatores.

197 2404 283 2470 Item
298 2405 382 2474 obiit
399 2406 572 2484 Ansellus,
598 2409 691 2494 prior
706 2407 747 2495 (le
763 2410 896 2488 Naudo,
926 2431 1067 2497 proquo
1091 2412 1193 2480 habet

151 2524 348 2598 conventus,
371 2541 472 2607 super
484 2521 636 2591 redditus
653 2543 735 2608 quos
751 2524 935 2610 adquisivit
950 2526 1037 2613 apud
1051 2527 1193 2593 Auxen-

152 2655 246 2713 num,
269 2638 305 2702 ix
317 2657 345 2702 s.
368 2643 408 2721 t,
431 2640 464 2704 vi
489 2638 522 2705 d.
538 2629 734 2719 elemosina,
750 2643 784 2707 vi
799 2640 828 2706 d.
852 2642 1055 2728 pulsatores.

185 2750 253 2799 Prior
261 2752 291 2799 de
301 2749 432 2801 Auxonno.
580 2744 584 2750 ’

196 2839 229 2904 9.
248 2841 336 2907 —V
360 2841 424 2906 Yd.
442 2841 589 2911 -Obiit
611 2843 792 2910 Guibertus
818 2843 859 2910 de
884 2845 1104 2926 Monasterio,
1132 2870 1192 2935 pro

147 2973 213 3037 quo
233 2954 337 3022 habet
352 2962 537 3024 conventus
550 3007 559 3034 ,
571 2954 671 3044 sup‘er
686 2966 818 3025 vineam
840 2980 883 3025 au
896 2962 1006 3028 Minat
1018 2963 1120 3048 juxta
1139 2967 1193 3029 ui·

148 3088 246 3134 neam
256 3070 398 3155 laquete
410 3071 443 3138 la
454 3071 598 3163 Cornue,
612 3075 663 3139 iiii
681 3095 705 3138 s.
727 3096 774 3160 p.,
792 3076 826 3141 ri
843 3075 877 3140 d.
896 3077 1079 3143 elemosina
1092 3080 1125 3144 vi
1139 3079 1188 3157 d.,

152 3183 356 3269 pulsatores.

183 3299 332 3347 ThIehaldus
343 3301 452 3356 Quatros.

196 3390 390 3456 10.-1111
415 3390 479 3456 Yd.
497 3391 648 3458 -Obiit
677 3393 812 3471 Petrus,
844 3395 1092 3494 thesaurarius,
1129 3418 1190 3483 pro

151 3521 215 3586 quo
237 3502 342 3568 habet·
357 3509 554 3582 oonventus,
572 3524 674 3590 super
686 3506 803 3571 vineas
822 3506 909 3592 apud
926 3508 1098 3586 Sanoeias,
1118 3530 1142 3573 x
1160 3531 1188 3576 s.

149 3638 237 3703 par,
253 3620 302 3683 xii
318 3619 351 3685 d.
368 3620 626 3698 elemosinarii
651 3621 682 3687 d.
704 3623 907 3709 pulsatores.

184 3735 370 3784 Thesaurarius.

182 3925 216 3988 (ί)
233 3928 271 3974 Aa
290 3926 341 3974 lieu
356 3928 386 3975 de
397 3940 527 3986 oesnoms,
539 3930 611 3977 ecrite
630 3942 673 3976 sur
692 3942 742 3976 une
758 3929 826 3988 lIgne
845 3929 945 3986 gratioe,
961 3926 983 3973 lo
1003 3940 1041 3973 ms
1061 3929 1088 3973 56
1106 3931 1189 3986 porte:

155 4014 304 4065 Guillelrnus
315 4016 498 4065 cambellanus.
512 4043 541 4053 -
550 4020 641 4066 Petrus
652 4020 681 4064 de
691 4018 784 4064 Sancto
797 4019 932 4064 Germano.

974 4106 1015 4170 10
