2790 4792
594 423 793 488 -277-

173 566 381 649 Potenoiani‚
405 565 537 631 Domini
567 563 676 631 nostri
701 563 930 632 iesu-christi
957 562 1210 650 discipulorum,

172 683 386 772 ejusdemque
405 681 546 748 Senonis
561 679 711 748 civitatis
724 681 841 749 inclite
864 681 1049 768 primorum
1073 679 1212 767 pontifi-

174 823 247 868 cum
277 805 311 866 et
341 799 532 876 martirum,
575 798 845 884 sanctissimique
875 797 973 885 Lupi,
1009 796 1213 864 confessoris

173 917 320 1004 ejusdem
332 916 481 982 civitatis
498 913 753 1002 archiepiscopi,
771 913 1031 1000 beatissimeque
1041 913 1211 994 Columbo,

173 1037 316 1122 uirginis
331 1039 366 1101 et
384 1033 536 1100 martiris
559 1032 685 1119 regalis
700 1031 871 1118 progenie,
889 1050 1018 1096 necnon
1034 1030 1215 1117 pretiosis-

175 1153 259 1218 simo
276 1171 316 1216 ac
329 1149 528 1237 dignissimo
547 1149 656 1235 capite
671 1147 859 1214 beatissimi
878 1146 1046 1234 Gregorii,
1067 1166 1151 1233 pape
1175 1165 1215 1212 ao

175 1271 389 1334 sacrosancte
405 1266 544 1332 ecclesie
561 1264 709 1332 doctoris
724 1263 853 1342 eximii,
871 1283 946 1329 cum
961 1249 1039 1329 aliis
1054 1261 1217 1350 dignissi-

175 1385 238 1448 mis
260 1382 446 1448 innumeris
459 1381 624 1467 reliquiis,
640 1400 781 1467 quorum
797 1380 1030 1448 sacratissima
1043 1379 1216 1467 provincia

171 1501 241 1587 jam
257 1499 359 1578 dicta,
380 1498 551 1565 Senonum
567 1498 688 1564 civitas
704 1502 738 1565 et
750 1495 898 1584 ejusdem
913 1496 1101 1584 provincia,
1117 1500 1153 1563 ot
1165 1501 1217 1563 to-

175 1610 493 1700 cinsGallie'partes
504 1612 683 1680 letabunde
701 1612 929 1700 gratulentur,
943 1612 1063 1698 priscis
1079 1612 1116 1678 in
1128 1616 1217 1682 tom-

174 1730 310 1817 poribus
326 1731 535 1798 monasteria
548 1734 666 1797 nostra
676 1727 999 1817 predictainsignire
1011 1734 1045 1798 et
1058 1728 1218 1796 decorare
1245 1814 1253 1823 ι

175 1847 294 1922 voluit,
318 1846 358 1912 ad
380 1867 442 1933 que
461 1850 641 1932 propterea
661 1847 836 1931 utriusque
859 1865 959 1911 sexus
979 1844 1095 1912 fideles
1116 1847 1218 1913 innn-

175 1965 270 2040 meri,
289 1962 434 2028 diversis
451 1961 670 2049 languoribus
684 1962 812 2040 vexati,
828 1981 848 2028 a
864 1963 994 2030 cunctis
1007 1962 1122 2029 mundi
1138 1983 1220 2051 par·
1263 1970 1266 1975 ’

174 2080 265 2146 tibus
282 2079 360 2144 olim
383 2077 576 2160 affluentes,
595 2083 730 2166 sperata
742 2078 948 2156 valetudine,
963 2079 1112 2166 ipsorum
1125 2100 1221 2147 sanc·

175 2195 383 2262 tissimorum
401 2214 469 2260 non
487 2195 667 2280 privantur
681 2195 827 2281 presidio
839 2195 993 2274 mirifico,
1007 2217 1148 2282 quorum
1161 2196 1219 2263 alii

176 2334 196 2378 a
226 2317 320 2399 peste
348 2310 523 2398 epydemie
553 2316 589 2378 et
619 2311 797 2379 subitanea
826 2303 948 2391 morte,
971 2313 1029 2379 alii
1061 2314 1219 2380 amorbo

175 2429 311 2507 caduco,
332 2448 446 2521 eorum
462 2428 652 2514 patrocinio
667 2428 815 2508 liberati,
828 2429 868 2494 ad
891 2430 1028 2516 propria
1043 2450 1117 2496 cnm
1134 2449 1220 2517 gau·
1259 2424 1262 2429 ’
1345 2468 1349 2484 ·

175 2546 229 2610 dio
257 2549 450 2610 remearent
471 2545 545 2609 sani
573 2549 607 2610 et
630 2543 828 2623 incolumes,
854 2545 913 2610 Dei
935 2550 969 2612 et
991 2544 1219 2632 predictorum

176 2666 369 2729 sanctorum
389 2662 562 2750 magnalia
575 2662 821 2729 collaudantes.
840 2663 910 2738 Quo
936 2663 1039 2730 etiam
1068 2668 1220 2749 postmo-

176 2780 254 2845 dum
286 2780 434 2845 liliorum
468 2781 676 2867 sceptrigera
709 2779 881 2862 majestas,
915 2780 1103 2868 inspirante
1137 2782 1217 2859 Deo,
1260 2820 1264 2833 ·

176 2895 274 2982 larga
298 2915 413 2972 manu,
444 2895 478 2960 in
498 2897 649 2982 primeva
678 2896 730 2962 sui
760 2895 969 2976 fundatione,
1004 2896 1120 2964 multis
1141 2916 1220 2984 pre-

161 2993 309 3077 diorum
346 3032 386 3077 ac
418 3013 669 3099 possessionum
705 3011 804 3099 longe
845 3011 979 3099 lateque
1016 3013 1219 3080 situatarum

177 3126 367 3194 redditibus
386 3127 429 3193 ad
451 3128 577 3195 cultum
597 3129 655 3194 Dei
677 3129 869 3214 victumque
893 3128 1121 3213 cothidianum
1138 3128 1221 3194 reli-

177 3245 347 3331 giosorum
379 3244 572 3310 eorumdem
597 3247 882 3312 monasteriorum
912 3250 1118 3322 nostrornm,
1138 3243 1220 3311 inibi
1324 3278 1327 3283 -

177 3361 382 3448 degentium,
404 3361 536 3447 Deoque
554 3367 588 3429 et
604 3361 799 3427 beatissime
823 3362 948 3448 virgini
973 3362 1091 3444 Mario,
1112 3361 1221 3448 prefa-

176 3477 288 3562 tisque
308 3477 434 3543 sanctis
451 3476 505 3541 die
525 3481 687 3564 nocteque
704 3477 951 3556 famulantium,
976 3479 1108 3566 copiose
1122 3477 1220 3547 dota-

178 3591 229 3659 vit
257 3592 347 3659 illius
379 3612 439 3679 per
468 3592 582 3660 orbem
609 3598 779 3660 terrarum
807 3591 1033 3660 famosissime
1057 3599 1092 3662 et
1116 3595 1220 3682 prolis

179 3708 392 3775 inclitissime
412 3729 528 3796 regum
551 3709 813 3777 christianorum
832 3711 987 3798 vestigiis
1007 3731 1068 3798 pro
1092 3710 1220 3778 viribus

180 3826 337 3903 imitatis,
360 3825 510 3913 precelsa
519 3826 714 3912 posteritas,
735 3826 967 3912 multipliciter
981 3828 1128 3915 ipsorum
1146 3849 1222 3894 nos·

180 3948 311 4009 trorum
326 3942 608 4009 monasteriorum
623 3941 847 4019 dotacionem,
859 3963 982 4030 augere
991 3950 1196 4012 curaverunt
1210 3967 1217 4024 ;

184 4057 421 4124 nichilominus
433 4052 641 4126 increscente
652 4057 794 4137 malitia,
805 4058 1046 4147 refrigescente
1062 4062 1218 4139 caritate,
