2790 4792
573 424 751 493 -77..

136 568 313 643 cenobium
336 564 559 655 gubernabat,
571 566 661 653 quod
675 572 751 644 arat
771 573 853 634 tunc
874 565 1045 658 singulare
1062 567 1097 632 in
1112 567 1179 633 hiis

136 683 335 770 regionibus
360 681 533 770 religionis
564 683 768 763 auctoritate
800 687 834 752 et
855 683 1018 767 bonorum
1042 701 1178 773 operum

139 798 340 869 sanctitate.

183 911 341 979 Sancrns
355 912 458 987 Euro.
480 912 544 991 Hic
554 911 631 999 jure
649 911 856 993 hereditario
875 931 986 980 comes
1006 912 1072 980 fuit
1099 913 1179 979 Tor·

110 1038 113 1044 ·
137 1024 342 1091 nodorensis
369 1029 403 1093 et
427 1029 505 1113 pont
526 1006 628 1114 hujus
650 1003 715 1097 loci
740 1026 923 1105 monachus
949 1032 984 1093 et
1011 1025 1115 1093 abbas
1137 1045 1177 1093 ac

137 1138 262 1206 deinde
276 1139 480 1224 senonensis
499 1139 784 1228 archiepiscopus.

185 1252 416 1326 cronomrss.
434 1255 499 1336 Hic
515 1253 679 1341 reiigione
695 1255 833 1322 inclitus
851 1258 886 1322 et
901 1255 1093 1325 sanctitatis
1107 1254 1182 1340 opi-

140 1368 243 1435 nione
261 1368 410 1437 famosus
435 1369 524 1450 fuit;
553 1371 609 1456 qui
644 1370 822 1438 defunctus
849 1371 884 1449 in
907 1369 1179 1457 predecessorum

139 1484 319 1569 cymiterio
340 1483 511 1570 sepelitur.
535 1483 646 1572 Ipsius
660 1490 823 1573 tempore,
843 1488 981 1570 sanctos
997 1485 1179 1565 Paternus,

139 1599 277 1681 martyr
290 1595 430 1681 Christi,
445 1596 511 1674 init
524 1597 709 1673 monachus
721 1598 822 1686 nujus
834 1599 910 1681 loci.
1195 1613 1230 1683 ιο

187 1695 425 1778 Vrmrronus.'
445 1712 608 1799 Tempore
628 1713 741 1792 istius,
759 1713 941 1789 Leotheria
954 1717 989 1802 et
1004 1712 1178 1793 Mummia,

139 1841 277 1892 sorores
296 1826 402 1905 sancti
418 1824 580 1904 Ebbonis,
602 1825 767 1897 dederunt
786 1831 941 1912 cunctam
956 1826 1180 1915 nereditatem

141 1960 239 2006 suam
258 1941 336 2006 huic
348 1941 432 2007 loco.
447 1940 538 2008 Obiit
549 1945 585 2008 et
599 1942 635 2007 in
651 1940 742 2010 dicto
758 1943 936 2028 cymiterio
950 1942 1123 2029 sepelitur,

189 2057 437 2133 Bupramuaus.
472 2038 549 2146 Hic,
579 2061 731 2142 tempore
759 2056 845 2131 bone
876 2057 1036 2143 memorie
1067 2055 1182 2137 domni

143 2157 348 2256 Raynber'ti',
364 2170 569 2243 Senonensis
585 2171 840 2262 archiepiscopi,
857 2170 984 2260 dictum
1007 2169 1181 2253 cenobium

140 2283 369 2373 gubernabat.
880 2285 881 2290 ’

189 2399 430 2484 Faonnuarus
456 2399 532 2479 Hic,
554 2403 704 2487 tempore
728 2399 841 2467 domni
860 2399 1029 2481 iheremia
1049 2389 1185 2483 archie-

143 2515 287 2603 piscopi,
304 2515 392 2609 apud
412 2514 621 2593 Mauriacum
634 2522 833 2583 conventum
852 2514 1092 2581 monachorum
1105 2533 1187 2599 con-

144 2631 262 2699 stituit
281 2630 322 2699 de
336 2630 511 2715 monachis
528 2629 643 2707 Sancti
659 2631 765 2698 Petri.

192 2744 390 2833 murus.
401 2744 478 2826 Hic,
493 2744 773 2835 temporedomni
784 2744 913 2832 Aldrici
929 2743 1184 2830 archiepiscopi,
1198 2750 1237 2823 20
1340 2770 1351 2783 ·

147 2857 256 2926 abbas
272 2857 349 2931 fnit.

194 2973 420 3063 Anasramns.
451 2975 515 3063 Hic
542 2973 608 3042 fuit
634 2966 739 3053 abbas
766 2977 917 3061 tempore
941 2971 1102 3055 Ludovici
1123 2973 1188 3038 im-

149 3089 330 3173 peratoris.
357 3087 482 3171 Eodem
504 3092 667 3176 tempore,
690 3089 774 3158 obiit
789 3109 900 3156 comes
921 3090 1130 3180 Maynerius
1152 3093 1189 3163 et

151 3202 304 3291 sepultus
319 3201 384 3283 duit
400 3204 437 3281 in
452 3205 606 3287 oratorio
616 3204 713 3273 Beati
731 3204 877 3291 Andree.
892 3204 956 3289 Hic
973 3224 1083 3288 comes
1097 3201 1191 3268 dedit

151 3319 233 3403 huic
259 3319 465 3407 monasterio
497 3317 678 3394 facultates
716 3337 856 3407 magnas
890 3323 925 3388 et
957 3321 1191 3410 oruamentum

150 3434 335 3501 maximum
350 3455 425 3521 cnm
439 3434 555 3521 multis
575 3434 726 3523 reliquiis
738 3436 912 3522 preciosis,
927 3440 962 3502 et
980 3436 1094 3511 eodem
1104 3439 1193 3519 tem·

151 3567 247 3636 pore,
268 3546 411 3635 jubente
434 3548 544 3622 donno
567 3549 750 3619 ¹Wenilone
771 3550 1034 3637 archiepiscopo,
1060 3552 1194 3637 recepte

151 3662 291 3740 fuerunt
318 3665 410 3741 intus
429 3663 572 3751 reliquie
595 3667 789 3739 sanctorum
815 3667 1005 3749 martyrum
1020 3660 1193 3748 Saviniani

152 3780 387 3867 sociorumque
400 3778 486 3865 ejus.

199 3896 306 3983 Diuo.
339 3894 403 3961 Hic
432 3893 497 3977 fuit
526 3893 630 3987 abbas
657 3898 807 3983 tempore
838 3892 1031 3984 Wenilonis
1059 3893 1245 3984 archia-30

153 4030 295 4098 puscop1.
