2782 4786
671 375 856 467 -10-·

286 535 331 591 De
350 533 487 607 reliquiis
506 538 679 590 sanctorum
701 531 828 589 Fabiani
847 535 879 588 et
899 528 1086 598 sebastiani,
1108 532 1291 601 martyrum.

286 632 332 687 De
350 630 486 704 reliquiis
505 630 600 686 sancti
621 629 755 701 Georgii.

286 729 331 783 De
352 727 488 801 reliquiis
506 728 603 784 sancti
623 727 816 784 christofori.

285 825 330 882 De
349 830 504 896 unguento
523 830 697 881 sanctorum
719 825 828 882 Cosme
847 830 879 882 ct
897 822 1058 880 Daminmi.

284 1025 427 1081 Narratio
446 1025 483 1081 de
502 1024 737 1081 confessoribus.

284 1124 329 1178 De
348 1122 446 1196 capite
465 1123 562 1179 sancti
582 1122 733 1193 Gregorii.

284 1218 329 1276 De
349 1220 485 1293 reliquiis
504 1219 583 1276 beati
602 1217 730 1292 Hylar'ii.

286 1318 330 1374 De
350 1318 487 1392 reliquiis
506 1318 586 1375 beati
606 1317 742 1374 Martini.

271 1417 330 1473 'De
350 1433 477 1490 corpore
496 1416 592 1473 sancti
612 1416 753 1472 Ebbonis.

206 1490 241 1551 ¹0
286 1515 331 1570 Dc
350 1513 446 1569 infula
464 1514 568 1587 ipsius

285 1610 331 1665 De
350 1626 476 1683 corpore
495 1613 591 1667 sancti
610 1613 729 1668 Leonis

286 1709 332 1764 De
351 1725 479 1781 corpore
496 1711 595 1766 sancti
615 1710 758 1768 Ursicini.

288 1807 333 1887 Dc
353 1823 480 1880 corpore
500 1809 595 1865 sancti
615 1809 742 1881 Agricii.

286 1903 331 1959 De
350 1921 477 1978 corpore
496 1907 592 1962 sancti
610 1907 775 1963 Ambrosii.

289 2000 335 2057 De
354 2001 491 2075 reliquiis
509 2002 605 2058 sancti
624 2003 713 2077 Lupi.

290 2101 334 2157 De
354 2101 491 2174 reliquiis
510 2103 606 2158 sancti
626 2102 728 2174 Eligii.

288 2196 333 2252 De
351 2196 475 2253 dimidio
494 2198 583 2255 dente
604 2199 700 2254 sancti
719 2196 875 2269 Nicholay.
947 2215 949 2218 ·

290 2293 335 2350 De
354 2294 453 2354 dente.
463 2295 560 2351 sancti
575 2295 680 2350 Marii.

288 2393 333 2450 De
354 2410 422 2451 osse
441 2393 538 2450 sancti
557 2394 725 2451 Benedicti.

289 2493 334 2550 De
352 2491 476 2573 brachio
494 2492 590 2549 sancti
608 2491 767 2550 Leonardi.

289 2690 430 2746 Narratio
449 2687 487 2743 de
505 2687 685 2757 virginibus.

289 2789 334 2843 De
354 2785 491 2858 reliquiis
513 2788 617 2839 sancte
636 2785 734 2840 Marie
755 2783 943 2856 Magdalene.

291 2884 337 2940 De
359 2883 462 2954 digitis
481 2885 585 2937 sancte
603 2880 760 2950 Columbe,
780 2882 918 2953 virginis.

292 2980 337 3036 De
358 2995 485 3053 corpore
504 2983 608 3034 sancte
626 2979 731 3047 Beate,
751 2978 889 3051 virginis,

290 3179 335 3235 De
354 3179 442 3235 beata
465 3177 698 3242 Theodechilde‚
718 3177 848 3250 virgine,
872 3183 903 3234 et
922 3175 1097 3234 fundatione
1116 3173 1297 3230 monasterii

327 3278 431 3334 Sancti
450 3277 534 3333 Petri
551 3277 634 3335 Vivi.
661 3286 664 3294 '
999 3342 1003 3350 ¹

290 3377 335 3431 De
353 3375 465 3430 Basolo
485 3374 561 3431 duce
581 3380 610 3430 et
628 3375 777 3435 monacho
796 3375 887 3448 hujus
906 3375 975 3431 loci.

291 3474 336 3529 De
357 3470 473 3542 majore
492 3470 582 3527 altari
601 3478 630 3528 et
648 3474 758 3529 ceteris
777 3472 933 3528 altaribus
1043 3545 1046 3551 Ι

291 3571 336 3627 De
355 3568 492 3642 reliquiis
511 3584 530 3623 a
549 3575 653 3625 sancto
674 3570 776 3626 Felice
796 3569 973 3642 impetratis.

291 3667 337 3723 De
355 3667 453 3740 primo
473 3668 579 3724 abbate
599 3669 774 3725 monasterii
790 3668 876 3724 istius
889 3667 1065 3724 Amalberto
1078 3667 1201 3723 nomine
1215 3671 1244 3722 et
1258 3665 1297 3720 de

208 3752 246 3814 30
328 3770 425 3822 morte
443 3766 547 3822 Basoii
566 3765 651 3821 ducis
671 3770 700 3821 et
714 3764 863 3821 monachi.
1265 3760 1268 3765 ’

256 3883 257 3886 ’
293 3863 493 3937 Epytaphium
514 3864 586 3920 dicti
604 3862 717 3920 Basoli.

293 3961 339 4020 De
358 3967 455 4021 morte
475 3967 505 4018 ot
523 3961 679 4042 sepultura
697 3965 801 4017 sancte
822 3950 1063 4029 Theodechildis‚
1085 3957 1225 4030 virginis.
