2790 4792
604 432 781 497 „13-

177 568 326 635 salutare
340 574 437 636 tuum
452 569 496 636 da
515 570 622 637 nobis.
641 572 749 638 Item:
779 572 918 638 Domine
938 574 1027 638 Deus
1050 575 1214 656 virtutum

176 689 334 750 converte
346 705 428 765 nos;
445 686 583 752 ostende
599 684 718 752 faciem
729 691 823 752 tuam
837 692 871 753 et
881 687 966 755 salvi
982 688 1119 753 erimus.
1139 689 1216 753 Ma-

175 797 316 864 lachiel:
336 800 421 866 Ecce
443 803 556 867 veniet
577 800 619 866 ad
634 802 795 887 templum
817 806 970 869 sanctum
991 823 1087 869 suum
1107 802 1217 868 domi·

176 919 275 981 nator
299 937 398 1002 quem
417 938 477 984 vos
501 915 547 1004 (l)
569 919 722 1002 queritis.
743 918 787 985 Et
814 919 888 1003 quis
915 908 1046 1004 poterit
1066 920 1215 1005 cogitare

176 1028 261 1118 diem
278 1030 445 1098 adventus
457 1032 529 1118 ejus
542 1037 576 1098 et
592 1033 666 1116 quis
682 1031 786 1098 stabit
805 1033 848 1097 ad
870 1032 1050 1100 videndum
1063 1054 1151 1100 eum.
1172 1034 1216 1099 Et
1322 1088 1327 1098 .

177 1145 279 1211 alibi:
305 1146 424 1225 Putas,
440 1146 587 1223 videbo;
619 1152 731 1233 putaS,
760 1147 909 1228 durabo;
926 1154 1036 1235 putas,
1064 1150 1216 1216 inveniat

177 1260 298 1324 hicme
315 1261 375 1326 illa
387 1263 560 1329 nativitas.
577 1262 647 1328 Hec
663 1265 825 1330 nativitas
847 1264 979 1329 Domini
994 1285 1053 1350 per
1068 1265 1216 1350 prophe-

176 1379 229 1440 tas
243 1374 396 1460 predicta
411 1376 480 1444 fuit
502 1381 536 1444 et
554 1399 614 1464 per
641 1379 796 1466 angelum
826 1381 998 1446 nunciata.
1022 1380 1214 1466 Congruum

176 1493 264 1555 enim
288 1491 353 1559 fuit
375 1500 413 1561 ut
432 1496 700 1561 incarnationem
720 1495 781 1560 filii
803 1496 862 1560 Dei
887 1494 1083 1581 precederet
1109 1514 1217 1580 ange-

178 1605 242 1671 lica
257 1609 476 1675 annunciatio
488 1613 522 1676 et
541 1609 657 1677 diviua
670 1610 869 1677 vaticinatio
882 1608 1132 1696 prophetarum.
1176 1599 1178 1602 ’
1228 1619 1265 1681 10

281 1858 325 1904 DE
345 1858 624 1907 ANNUNGIATIONE
647 1859 690 1907 ΕΤ
712 1858 966 1909 INOARNA'I'IONE
989 1860 1112 1908 DOMINI

220 2072 303 2138 Cum
324 2074 429 2159 igitur
447 2075 544 2161 virgo
564 2075 710 2141 Mariaa
728 2075 835 2141 tercio
860 2093 949 2139 anno
964 2041 1067 2140 etatis
1084 2093 1142 2139 sue
1157 2094 1217 2138 us-

177 2208 240 2273 que
275 2188 317 2253 ad
347 2193 503 2274 quartum
540 2189 703 2255 decimum
732 2189 798 2268 vel,
835 2188 1014 2255 secundum
1040 2188 1214 2274 quosdam,

176 2324 282 2388 usque
301 2303 344 2370 ad
361 2286 591 2371 duodecimum
618 2305 800 2390 intemplo
828 2324 902 2369 cum
928 2304 1004 2369 aliis
1027 2303 1216 2391 virginibus

177 2418 361 2494 extitisset,
387 2417 597 2503 eamJoseph
617 2417 846 2503 desponsavit,
869 2417 1010 2482 Domino
1029 2416 1213 2492 revelante,

176 2536 210 2597 et
220 2531 255 2596 in
270 2531 442 2598 Bethleem
452 2531 541 2598 unde
551 2531 712 2598 oriundus
723 2535 798 2598 crat
810 2533 873 2597 ivit
882 2532 1073 2597 necessaria
1088 2530 1215 2616 nuptiis

175 2647 386 2732 provisurus,
406 2648 511 2726 Tunc,
538 2646 719 2714 secundum
747 2648 885 2726 Lucam,
911 2646 1035 2711 missus
1063 2651 1115 2712 est
1146 2639 1216 2710 Ga-

175 2760 261 2826 briel
278 2762 418 2848 augelus
435 2781 455 2827 a
469 2763 537 2828 Deo
556 2761 599 2828 ad
622 2741 767 2827 Mariam
780 2762 959 2848 virginem,
976 2765 1023 2840 et,
1039 2743 1215 2847 ingressus

177 2875 220 2941 ad
240 2896 326 2954 eam,
345 2876 455 2944 dixit:
473 2878 545 2942 Ave
558 2878 673 2964 gratia
690 2877 809 2962 plena;
833 2877 993 2943 Dominus
1013 2882 1137 2954 tecum,
1155 2875 1215 2941 be-

178 2991 312 3058 nedicta
323 2997 360 3059 tu
376 2994 411 3057 in
430 2991 639 3062 mulieribus.
663 2992 754 3071 Que‚‘
768 3013 843 3058 oum
858 2993 1020 3074 audisset,
1044 2991 1264 3078 cogitabattd

178 3108 286 3193 qualis
310 3115 400 3177 esset
414 3109 587 3176 salutatio.
607 3109 651 3175 Et
671 3110 720 3175 ait
739 3109 878 3196 angelus
896 3131 903 3175 :
921 3109 972 3175 Ne
990 3109 1122 3186 timeas,
1139 3108 1216 3173 Ma-

177 3225 241 3301 ria,
274 3224 434 3291 invenisti
459 3225 605 3310 gratiam
630 3223 716 3309 apud
745 3224 872 3303 Deum;
895 3244 971 3289 ecoe
993 3225 1158 3310 concipies
1182 3228 1217 3289 et

177 3340 289 3426 paries
309 3325 424 3404 filium*
434 3344 469 3405 et
483 3338 619 3405 vocabis
633 3356 754 3403 nomen
769 3338 841 3424 ejus
854 3339 873 3403 J
876 3325 1006 3406 hesum.
1024 3341 1117 3406 Dixit
1145 3341 1218 3405 Ma·

176 3457 250 3522 ria:
271 3454 440 3529 Quomodo
458 3453 517 3520 fiet
532 3453 623 3520 istud
643 3455 799 3539 quoniam
820 3455 930 3520 virum
950 3475 1017 3521 non
1037 3473 1213 3541 cognosco.

175 3571 271 3637 Dixit
288 3572 318 3636 ei
339 3570 479 3656 angelus
497 3592 504 3636 :
522 3554 668 3656 Spiritus
684 3569 827 3636 Sanctus
848 3571 1061 3656 superveniet
1078 3570 1113 3633 in
1129 3573 1164 3634 te
1183 3573 1217 3635 et

172 3687 286 3752 virtus
300 3685 477 3776 Altissimi
486 3684 698 3762 obumbrabit
717 3684 790 3750 tibi.
818 3684 963 3770 Ideoque
984 3685 1071 3770 quod
1096 3704 1218 3751 nasce-

173 3807 236 3869 tur
258 3821 301 3868 ex
320 3804 355 3867 te
373 3799 550 3869 vocabitur
563 3799 653 3866 filius
667 3801 736 3866 Dei.
755 3800 815 3866 Ait
839 3801 968 3868 Maria:
993 3801 1077 3866 Ecce
1094 3801 1222 3873 ancilla.

205 4009 241 4108 ¹(t)
260 4041 292 4090 Le
308 4043 361 4090 mot
375 4053 419 4088 coe
433 4053 448 4089 e
460 4042 497 4091 tte
510 4041 592 4101 ajoute
604 4041 667 4090 deus
684 4038 842 4100 l'interligue.
