2790 4792
602 435 802 504 -ῃο-

177 591 283 653 'tertia
305 595 404 669 parte
434 589 570 668 arpenti
602 589 733 650 tenenti
758 583 922 668 Stephano
948 585 987 647 de
1012 580 1220 664 Courpenap.

226 701 353 767 Jehans
372 699 532 779 Cailledo,
551 701 644 766 viis,
666 701 700 766 vi
726 699 759 765 d.
778 719 850 787 par.
874 697 914 764 de
935 697 1022 764 demi
1042 701 1169 784 arpant
1183 695 1221 760 de

181 823 273 886 terre
293 817 350 903 qui
365 816 416 884 fut
430 816 580 883 Perreau
594 818 612 882 J
616 837 666 882 oe.

226 933 310 1001 Item
324 931 423 1007 idem,
439 933 486 997 vii
502 953 529 998 s,
553 933 589 998 ix
603 931 635 999 d.
652 952 724 1019 par.
742 931 782 997 de
807 931 894 998 demi
917 936 1040 1018 arpant
1064 929 1107 994 de
1121 930 1222 1016 vigne

182 1050 237 1136 qui
249 1048 284 1113 fu
300 1052 320 1114 ὲ
335 1048 368 1114 la
382 1049 579 1114 Paveresse.

225 1165 351 1230 Jehans
365 1184 486 1252 genres
498 1163 658 1242 Cailledo,
676 1165 750 1230 iiis.
772 1165 808 1232 ix
828 1164 857 1229 d.
878 1185 910 1249 p.
926 1162 967 1228 de
981 1163 993 1227 i
1009 1164 1164 1248 quartier
1179 1161 1219 1227 de

181 1282 292 1368 vigne,
307 1281 363 1367 qui
377 1279 411 1345 fu
427 1300 489 1347 aus
501 1279 624 1346 anfans
644 1280 699 1346 feu
713 1281 834 1346 Denise
854 1280 894 1345 de
909 1279 1141 1347 Seint-Preel.

194 1385 197 1390 ’
224 1397 404 1464 Gauterius
419 1396 593 1483 Papelart,
608 1399 644 1463 ix
661 1417 689 1463 s,
709 1398 746 1462 ix
765 1396 798 1461 d.
821 1415 853 1462 o.
872 1418 904 1482 p.

211 1513 310 1560 Goletue
319 1513 422 1570 Lipnies
436 1518 512 1562 tenet.

227 1601 312 1667 Item
334 1600 433 1681 idem,
451 1622 523 1668 xxx
536 1602 569 1667 d.
587 1624 620 1689 p.
634 1622 694 1689 pro
711 1600 871 1670 Guiberto
887 1601 926 1668 de
939 1601 1133 1668 Cremonia.

210 1731 299 1778 oerart
306 1731 337 1776 de
349 1731 434 1777 Paron
446 1737 512 1778 tenet
528 1733 537 1776 i
549 1731 707 1790 quarterium
721 1732 765 1788 qui
780 1731 810 1787 (u
826 1732 896 1777 Colot
908 1732 984 1777 Jeudi
998 1732 1026 1776 ἱίὶ
1050 1745 1074 1777 ε.
1093 1731 1119 1776 ix
1131 1743 1190 1787 par.

216 1821 345 1867 «Iohannes
359 1822 462 1867 Delions
479 1826 553 1868 tenet.
567 1846 597 1855 -
611 1823 763 1878 aequandus
777 1822 807 1866 de
824 1821 934 1866 Vedelm'.

224 1918 376 1985 Clemens
393 1919 567 1998 Grossart,
585 1919 636 1983 iiii
662 1939 690 1985 s.
703 1949 705 1956 ·
718 1919 741 1983 ii
762 1916 794 1982 d.
816 1939 848 2004 p.
876 1937 960 2003 pour
978 1917 1034 1983 feu
1056 1919 1161 1985 Droet
1183 1917 1222 1983 de

182 2033 447 2101 Charmeceaux.

213 2159 337 2206 lohannes
354 2159 500 2237 Propositus,
521 2163 597 2208 textor
612 2157 656 2224 [de
670 2156 848 2222 Divite-purgo]
868 2163 941 2206 tenet.
957 2182 987 2194 -
1001 2159 1087 2206 Petrus
1105 2158 1124 2205 li
1141 2159 1221 2207 Cave-

185 2246 251 2305 tiers,
265 2247 354 2306 solans,
365 2250 439 2295 tenet.

212 2338 310 2384 Golettoe
322 2337 423 2394 Lipnies
438 2342 502 2383 tenet
516 2335 559 2400 (2).

222 2436 330 2500 Jehan
353 2435 378 2499 li
394 2435 512 2518 Mula,
533 2437 579 2502 vii
600 2456 627 2503 s,
645 2436 681 2501 ix
700 2435 732 2501 d.
761 2457 792 2522 p.
818 2454 901 2522 pour
923 2435 1011 2502 demi
1032 2444 1157 2523 arpant
1180 2436 1220 2501 de

181 2564 272 2618 terre
293 2552 349 2638 qui
367 2552 402 2617 fu
416 2556 435 2616 A
448 2552 482 2618 la
499 2554 702 2639 Franpoyse.

225 2669 309 2735 Item
324 2667 424 2746 idem,
440 2669 473 2733 iii
497 2665 523 2734 s.
549 2671 585 2735 ix
602 2669 634 2734 d.
659 2689 689 2734 0.
713 2689 746 2755 p.
764 2688 848 2755 pour
869 2669 890 2732 i·
906 2670 1057 2754 quartier
1072 2669 1114 2736 de
1130 2675 1222 2737 terre

181 2782 260 2869 qu’il
285 2783 404 2851 acheta
434 2783 474 2850 de
507 2786 635 2859 Droue.
667 2785 824 2862 l’arnier,
857 2788 891 2850 et
918 2783 953 2848 fu
976 2785 1105 2852 Gssaerart
1134 2787 1222 2852 Dar-

182 2903 272 2986 gent.

225 3015 350 3098 HelviS,
374 3014 460 3081 seme
484 3016 538 3081 feu
564 3016 684 3103 Jofroy
701 3016 742 3082 de
769 3017 961 3103 Gorgenay,
984 3039 1005 3082 v
1023 3038 1050 3082 s.
1079 3019 1118 3083 iii
1135 3018 1167 3084 d.
1186 3020 1221 3084 iii

181 3132 258 3216 pitt.
280 3129 320 3196 de
337 3133 348 3195 i
369 3134 519 3218 qual-tier
533 3132 573 3198 de
587 3135 702 3220 vigne.

211 3261 333 3318 Marione,
357 3260 409 3316 fille
425 3261 467 3315 [eu
487 3264 578 3305 maure
595 3262 682 3306 Pierre
703 3262 820 3319 Dourbet,
841 3262 863 3306 le
879 3262 1086 3311 chamberilleur.
1100 3287 1127 3296 -
1144 3264 1218 3309 Guil-

182 3348 276 3394 lermus
288 3350 319 3394 de
335 3349 420 3395 Remis
432 3353 507 3397 tenet.

224 3446 265 3510 Li
281 3445 401 3512 anfant
422 3444 476 3509 seu
500 3445 619 3532 Jofroy
646 3445 687 3511 de
721 3446 910 3533 Gorgenay‚
942 3469 963 3512 v
989 3469 1016 3514 S.
1048 3453 1093 3513 iii
1115 3451 1149 3515 d.
1176 3455 1218 3514 iii

177 3565 259 3644 pm.
275 3582 352 3646 par.

216 3679 342 3724 Thevenin
358 3679 389 3723 de
403 3679 560 3736 Courpenay.
575 3703 603 3712 -
618 3679 706 3725 Dictus
722 3680 740 3724 li
754 3681 877 3726 Mauoais.

225 3776 404 3843 Gauterius
420 3775 472 3841 fils
489 3776 544 3842 feu
564 3777 732 3843 Guillelmi
752 3779 940 3857 Tisirande,
963 3781 1013 3845 iiii
1035 3802 1062 3846 s.
1082 3781 1106 3845 ii
1127 3781 1158 3848 d.
1181 3803 1211 3867 p.

212 3987 246 4051 (¹)
255 3990 287 4036 Le
298 3990 342 4043 Ms.
355 3991 383 4037 56
399 3990 479 4049 aJ'oute
495 3991 528 4039 ici
542 4008 548 4038 ε
561 3994 622 4039 Milo
637 3993 744 4041 Boudia.
757 4019 786 4029 —
797 3996 877 4042 Gener
887 3996 991 4042 Milonis
1006 4000 1082 4048 tenet.

213 4073 247 4141 (2)
262 4079 339 4144 Colat,
349 4079 431 4127 dictus
442 4080 549 4140 Liqnies,
565 4082 583 4128 li
593 4082 738 4132 Conturiers
749 4085 800 4130 dou
812 4086 922 4144 marche,
936 4089 1013 4132 tenet.
1032 4086 1066 4138 Ms
1083 4088 1119 4135 56.
