2782 4786
659 422 833 493 -68-

222 551 337 630 Vitam
358 563 462 648 ipsius
487 566 521 629 et
537 564 783 632 translationes
808 562 953 650 scriptas
969 563 1145 631 habemus.
1166 565 1264 630 Anno

221 678 262 744 ab
283 678 518 745 incarnatione
538 677 667 746 Christi
687 680 735 745 Μο
754 680 962 768 nonagesino
977 681 1104 769 quinto,
1127 680 1263 749 invente

221 792 358 860 fuerunt
378 793 519 879 reliquie
546 794 586 859 de
612 795 755 880 quodam
783 814 858 861 osse
884 796 990 883 ipsius
1015 795 1125 866 saneti
1155 797 1264 882 patris

222 907 329 973 nostri
351 906 525 975 Benedicti
546 928 620 974 oum
638 909 748 995 capite
773 910 882 978 sancti
908 908 1079 999 Gregorii,
1097 913 1132 978 et
1153 909 1264 976 adhuc

221 1023 256 1086 in
273 1026 390 1090 nostro
405 1024 613 1090 monasterio
626 1027 883 1092 conservantur.

466 1270 509 1317 DE
532 1269 679 1317 Baaonlo
704 1269 824 1319 sanem
848 1269 1019 1319 thoantem

266 1479 408 1548 Sanctus
432 1479 629 1546 Leonardus
656 1483 815 1548 asanoto
838 1479 1003 1567 Remigio,
1021 1480 1182 1547 Remensi
1208 1502 1265 1548 ar-

222 1594 400 1681 chiepisco,
421 1594 626 1681 baptizatus
658 1594 841 1681 discipulus
869 1595 976 1682 ipsius
995 1592 1075 1662 tuit.
1094 1596 1262 1664 Parentes

221 1728 300 1798 vero
325 1708 493 1775 Leonardi
515 1710 615 1795 primi
630 1709 665 1774 in
679 1709 809 1796 palacio
824 1709 915 1796 regis
932 1710 1074 1776 Francie
1091 1694 1265 1777 habeban-

175 1828 289 1892 tbtur.
319 1824 382 1891 Hie
404 1828 537 1891 tantam
553 1824 700 1911 gratiam
728 1845 749 1891 a
775 1843 856 1911 rege
879 1823 1026 1892 obtinuit
1041 1823 1130 1910 quod
1145 1844 1263 1892 omnes

221 1939 422 2005 incarcerati
446 1959 528 2025 quos
545 1939 616 2025 ipse
636 1938 798 2006 visitabat
811 1939 966 2026 protinus
987 1938 1262 2008 absolvebantur.

219 2052 391 2119 Posthac
418 2053 612 2119 Aurelianis
640 2052 852 2121 cumfratre
881 2073 941 2121 suo
965 2059 1082 2122 sancto
1119 2054 1261 2122 Lilardo

219 2166 422 2254 predicando
441 2169 589 2234 devenit.
610 2167 742 2235 Deinde*
761 2167 902 2237 fratrem
919 2189 1014 2234 suum
1036 2169 1209 2258 reliquens
1225 2171 1261 2235 in

219 2283 403 2367 Aquitania
418 2282 617 2368 predicavit.
631 2283 756 2350 Postea
770 2283 1001 2350 heremiticam
1012 2283 1119 2350 vitam
1134 2283 1262 2351 ducens

222 2418 333 2464 seeum
363 2398 487 2464 multos
513 2397 724 2485 aggregavit.
755 2395 853 2463 Circa
871 2417 952 2463 vero
979 2417 1104 2463 annum
1122 2399 1263 2466 Domini

220 2513 547 2599 quingentesimum,
575 2512 681 2580 VlIl⁰
702 2511 790 2597 ydus
814 2510 1018 2591 novembris,
1048 2512 1213 2600 migravit
1241 2536 1262 2581 a

220 2628 344 2693 seculo.
362 2629 409 2692 De
421 2626 562 2693 brachio
580 2627 687 2712 ipsius
708 2625 869 2712 reliquias
889 2626 1064 2693 habemus.

439 2884 614 2934 naaaamo
639 2884 683 2932 uu
706 2881 1039 2934 suca1sv1aenv1eus
1078 2857 1082 2864 ’

263 3097 419 3164 Salvator
447 3100 565 3163 noster
598 3095 754 3163 Christus
786 3097 910 3164 ihesus
938 3116 1061 3164 corona
1088 3099 1259 3188 virginum

170 3214 315 3298 ¹20virgo
340 3233 435 3297 quem
464 3213 571 3299 gessit
603 3212 945 3301 peperitque-virgo,
975 3233 1071 3299 quem
1099 3221 1260 3297 secuntur

219 3331 367 3415 virgines
389 3334 489 3412 atque
515 3327 669 3394 laudibus
688 3332 765 3414 post
783 3329 891 3415 ipsum
913 3334 1074 3395 canentes
1091 3332 1262 3397 cursitant

220 3444 430 3529 hymnosque
451 3440 663 3507 dulcissimos
680 3443 902 3528 personando.
920 3444 983 3518 Qui
1006 3442 1137 3510 fructus
1153 3447 1256 3512 trium

222 3562 384 3624 seminum
403 3576 527 3623 corona
547 3558 717 3643 virginum
738 3563 771 3626 et
793 3560 1036 3626 continentium
1058 3560 1260 3647 conjugato·

223 3694 360 3758 rumque
387 3672 562 3758 premium.
591 3673 685 3738 Inter
706 3677 818 3739 cetera
834 3662 1072 3761 potencie⁸sue
1095 3676 1259 3743 miracula

223 3790 324 3854 etiam
347 3789 381 3852 in
404 3808 485 3853 sexu
513 3786 626 3876 fragili
650 3789 827 3855 victoriam
855 3790 1013 3875 martyrii
1038 3790 1195 3870 contulit,
1223 3795 1260 3858 ut

223 3904 386 3969 mirabilis
413 3907 499 3970 Deus
529 3906 565 3971 in
595 3904 722 3971 sanctis
742 3904 811 3969 suis
840 3922 914 3969 oum
930 3903 1034 3983 Patre
1058 3907 1093 3971 et
1114 3905 1260 3992 Spiritu·

222 4017 344 4084 Sancto
365 4038 513 4105 regnans
542 4021 577 4085 in
605 3996 758 4088 eternum
788 4022 822 4085 et
851 4018 942 4085 ultra
967 4038 1056 4086 nuno
1075 4022 1110 4088 et
1129 4038 1259 4108 semper
