2790 4792
664 391 709 422 a·-
730 370 776 439 72
797 404 842 422 ..-

228 510 281 578 dis
295 509 410 577 multis
428 513 463 576 et
475 511 607 596 magnis
628 511 766 598 regibus
785 512 943 579 Basolum
955 509 1073 576 ducem
1087 507 1274 604 Aquitanie

230 625 266 688 in
285 643 453 690 carcerem
466 623 664 691 Senonicam
691 627 891 693 carceravit.
915 623 979 691 Sed
1000 625 1100 711 virgo
1124 620 1276 687 Theode-

231 737 352 805 childis
368 742 497 824 apatre
511 740 666 824 precibus
693 740 840 808 obtinuit
859 744 898 808 ut
917 758 992 820 eum
1010 740 1044 803 iu
1066 736 1276 803 monasterio

231 852 345 919 Sancti
357 854 451 919 Petri
463 854 541 919 Vivi
557 852 685 922 feceret
697 856 898 922 monachum
912 858 1139 931 tonsoratum,
1156 852 1278 938 etipse

229 968 283 1054 pie
295 971 328 1034 et
342 967 532 1034 voluntarie
548 969 698 1054 predicto
714 971 919 1037 monasterio
936 969 1146 1035 Mauriacum
1160 967 1197 1032 in
1209 964 1280 1032 Ad·

229 1082 348 1148 vernia
366 1081 581 1162 condonavit,
601 1083 804 1170 legittimum
824 1083 952 1151 faciens
971 1085 1229 1151 testamentum.

229 1337 273 1385 DE
300 1332 425 1385 Manem
451 1338 578 1386 aurem
603 1338 647 1386 Er
672 1339 715 1386 DE
751 1337 1025 1389 consecan'rlorm
1050 1336 1277 1387 sannionum

276 1557 368 1643 Rege
391 1555 556 1623 Clodoveo
582 1562 701 1644 postea
725 1558 882 1626 defuneto
901 1562 936 1627 et
955 1557 1064 1626 tribus
1090 1556 1170 1623 filiis
1201 1558 1275 1622 suis

232 1669 448 1749 Theoderico,
464 1670 653 1738 Clodomire
676 1677 711 1740 et
727 1672 953 1752 Childeberto,
974 1673 1143 1740 Clotarius
1160 1674 1275 1738 minor

186 1793 371 1872 teregnum
387 1785 594 1852 Francorum
609 1789 756 1874 suscepit
782 1809 824 1854 ex
848 1789 982 1875 integro
1006 1786 1276 1874 gubernandum,

230 1900 474 1986 possessiones,
504 1901 617 1980 villas,
648 1902 802 1969 homines
826 1907 861 1970 et
883 1902 1062 1990 privilegia
1086 1920 1150 1987 que
1177 1906 1278 1988 pater

179 2082 183 2093 ,
232 2005 311 2079 suus
336 2018 370 2081 et
396 2033 492 2081 soror
518 2018 724 2083 monasterio
744 2017 858 2085 Sancti
878 2018 973 2105 Petri
996 2016 1208 2083 donaverant
1229 2016 1273 2083 ad

231 2128 486 2213 requisitionem
501 2128 590 2196 dicte
601 2129 729 2196 sororis
742 2129 795 2213 pie
807 2132 842 2195 et
851 2127 1041 2195 voluntarie
1053 2131 1278 2198 accrescendo

232 2243 358 2330 regalis
382 2244 597 2310 auctoritatis
621 2244 723 2310 anulo
749 2242 973 2310 confirmavit.
1006 2245 1169 2332 Tempore
1192 2266 1276 2313 vero

233 2360 341 2426 saneti
371 2359 517 2438 Brachi,
548 2359 751 2427 confessoris
779 2360 1021 2446 archiepiscopi
1049 2361 1275 2442 SenonensiS,

232 2474 469 2560 prenominata
490 2475 598 2561 ‘virgo
639 2473 895 2541 Theodechildis
934 2474 1062 2542 vicinos
1098 2476 1278 2562 pontifices

233 2591 410 2656 convocari
424 2587 505 2655 fecit
514 2609 575 2675 pro
592 2587 804 2656 dedicatione
818 2590 1016 2656 monasterii
1031 2588 1195 2656 facienda.
1213 2592 1282 2667 Qui

234 2704 376 2791 denique
396 2705 606 2791 congregati,
622 2704 701 2769 dum
718 2710 850 2772 noctem
871 2706 1126 2773 orationibus'et
1145 2708 1277 2795 vigiliis

233 2818 393 2886 ducerent
420 2820 642 2906 insompnem,
666 2839 818 2885 meruere
839 2820 955 2887 audire
973 2841 1072 2888 voees
1098 2823 1275 2908 angelicas

184 2933 328 3000 20dulce
352 2939 511 3002 canentes
539 2936 574 2999 in
598 2937 672 3021 ipsa
693 2936 843 3001 ecclesia.
876 2938 976 3002 Mane
996 2956 1076 3004 vero
1096 2937 1276 3022 pontifices

84 3033 85 3036 ¹
232 3051 462 3136 proximantes
478 3051 580 3117 altari
605 3055 836 3138 cognoverunt
859 3052 967 3118 altare
981 3056 1018 3117 in
1040 3051 1167 3117 honore
1188 3052 1278 3119 duo-

233 3166 339 3231 decim
369 3167 597 3252 apostoiorum
626 3169 779 3256 angelica
804 3170 932 3236 virtute
966 3168 1128 3237 divinitus
1153 3189 1279 3236 conse-

233 3280 443 3348 cratum‘Ad
462 3281 638 3348 dexteram
666 3284 772 3370 ipsius
787 3283 926 3370 majoris
950 3284 1069 3351 aitaris
1095 3288 1148 3350 ost
1165 3285 1279 3352 altare

122 3378 124 3382 Α
232 3398 330 3463 beate
345 3397 452 3462 Maris
469 3398 612 3485 virginis
632 3405 666 3467 et
682 3394 802 3468 matris
820 3401 892 3466 Dei.
908 3399 958 3466 Ad
974 3395 1082 3465 levam
1099 3403 1152 3466 est
1166 3400 1280 3467 altare

233 3514 268 3578 in
291 3515 420 3578 honore
446 3513 537 3580 beati
565 3515 726 3601 Stephani
748 3515 1048 3601 prothomartyris,
1079 3516 1279 3581 sanctorum

234 3630 453 3694 innocentum
485 3632 519 3694 et
544 3632 653 3696 sancti
678 3631 851 3697 Benedicti
880 3630 988 3716 patris
1014 3631 1137 3696 nostri.
1170 3631 1280 3698 Retro

233 3743 341 3829 majus
362 3743 470 3810 altare
492 3750 542 3811 est
564 3746 672 3811 altare
688 3746 723 3809 in
740 3745 868 3811 honore
884 3751 1078 3813 sanctorum
1093 3745 1282 3834 discipulo-

235 3876 308 3922 rum
334 3859 477 3935 Domini,
500 3859 694 3937 Sariniani,
725 3860 923 3927 Poteueiani
941 3866 976 3928 et
1001 3862 1121 3928 Altini.
1152 3862 1280 3931 Subtus

233 3973 342 4063 majus
362 3973 469 4044 altare
488 3980 540 4044 est
556 3976 665 4044 altare
681 3977 717 4043 in
740 3977 868 4045 honore
887 3980 995 4045 sancti
1019 3978 1221 4046 Poteueiani
1243 3986 1280 4048 et
