2790 4792
534 440 664 505 -207
689 473 732 489 -

109 587 166 652 die
200 564 365 652 dominica
403 589 478 672 post
509 583 634 650 festum
667 581 937 648 Sancti-Martini
968 580 1144 667 hyemalis,

121 735 124 738 -
139 702 208 748 Istud
224 701 422 748 anniversarium
443 701 598 758 computatur
613 699 640 745 in
657 698 796 750 Novembri.
821 696 865 756 qni
883 701 942 744 tunc
959 697 1079 744 debentur
1096 709 1112 741 v
1126 709 1146 747 s.

155 797 280 862 Eadem
295 796 360 873 die,
377 797 460 863 obiit
473 796 616 861 Felisius
629 795 880 881 Carpentarius,
895 814 955 880 pro
970 814 1034 880 quo
1047 795 1150 862 habet

108 917 308 989 conventus
330 932 429 997 super
444 931 505 977 sex
520 911 694 995 quarteria
703 911 799 976 vinee
810 910 845 975 in
858 911 1019 995 Potyene,
1036 931 1057 975 v
1074 930 1101 975 S.
1118 914 1145 976 t.

109 1027 175 1092 hac
185 1027 237 1091 die
253 1026 504 1114 persolvendos,
515 1027 550 1091 in
564 1029 602 1093 ut
614 1025 739 1093 litteris
756 1025 846 1092 curie
859 1024 1060 1091 Senonensis
1074 1044 1149 1090 con-

110 1141 253 1206 tinetur.

143 1253 224 1300 Liberi
243 1255 353 1302 defuncti
365 1256 491 1316 Naugeret.
509 1282 538 1292 -
556 1255 741 1302 thsaurarius
759 1258 833 1300 tenet.
906 1309 908 1312 .

155 1343 280 1409 Eadem
296 1344 361 1421 die,
382 1345 466 1410 obiit
482 1346 658 1423 Herveius,
677 1346 771 1430 prior
792 1343 832 1408 de
854 1342 1063 1434 Andrisiaco,
1087 1363 1147 1428 pro

109 1477 173 1542 quo
211 1457 313 1524 habet
344 1464 539 1542 conventus,
574 1479 673 1545 super
694 1461 828 1534 vineam
857 1457 917 1524 sub
943 1457 1152 1524 monasterio

108 1572 418 1643 Sancti-Sanctiani
447 1573 639 1659 contiguam
671 1592 787 1658 campo
824 1572 904 1638 dicti
938 1553 1146 1648 monasterii,
1212 1556 1216 1562 ’

108 1687 168 1750 viii
190 1707 216 1751 S.
242 1690 284 1764 t.,
301 1687 349 1751 xii
366 1687 398 1752 d.
416 1688 610 1766 elemosina,
630 1689 678 1753 xii
699 1687 732 1753 d.
746 1686 947 1774 pulsatores,

137 1800 261 1846 lohannes
275 1800 306 1846 ‹le
322 1800 433 1847 Arbosio.
455 1825 480 1834 -
498 1802 594 1849 Niobit.

153 1889 185 1952 3.
205 1923 248 1937 -
264 1889 296 1955 V
310 1888 398 1955 Non.
417 1922 460 1938 -·
475 1888 567 1957 Obiit
591 1891 688 1977 Hugo
715 1891 855 1974 Lietart,
885 1911 945 1977 pro
962 1911 1026 1977 quo
1045 1889 1147 1959 habet
1163 1930 1172 1943 ·

107 2006 292 2068 conventus
310 2003 346 2066 iii
367 2023 394 2067 s.
413 2024 460 2088 p.,
481 2022 580 2090 super
604 2005 772 2071 sanceium
791 2006 892 2072 situm
908 2025 952 2072 au
970 2025 1010 2071 ru
1037 2005 1143 2071 Belin.

139 2117 296 2165 Theobaldus
314 2119 425 2178 Quutros.
999 2176 1004 2180 ,

151 2209 184 2271 4.
201 2242 243 2258 ·-
258 2207 329 2272 IIII
345 2208 432 2273 Non.
450 2207 599 2274 -Obiit
625 2209 818 2287 MenardnS,
837 2230 948 2296 coqus,
965 2230 1026 2296 pro
1045 2209 1147 2278 habet

107 2320 303 2400 conventus,
315 2342 414 2408 super
424 2341 603 2408 sauceyum
611 2325 717 2389 Burre
730 2326 830 2393 situm
839 2346 883 2390 au
893 2327 1020 2403 Biat‚vi
1032 2346 1058 2392 s.
1069 2345 1144 2412 par.

108 2536 202 2581 Haneit
217 2536 300 2582 dictus
317 2536 414 2583 Tarans
432 2537 469 2582 iiii
479 2551 501 2582 s.
510 2551 540 2595 p.

151 2625 183 2689 5.
201 2661 245 2671 -
261 2625 312 2689 ΙΙΙ
328 2626 414 2692 Nov.
433 2661 476 2674 -
492 2625 584 2692 Obiit
606 2618 801 2705 GaufriduS,
825 2629 979 2707 clericus,
1001 2650 1061 2715 pro
1082 2649 1145 2714 quo

106 2738 208 2806 habet
237 2746 435 2818 conventus,
467 2761 567 2827 super
592 2742 726 2808 domum
754 2764 816 2829 que
841 2751 982 2812 vocatur
997 2746 1032 2812 la
1049 2744 1145 2811 Folle

108 2835 276 2920 Roisseau'
285 2853 326 2918 de
342 2855 430 2921 Palli
445 2860 526 2923 ante
539 2856 673 2923 domum
688 2857 883 2937 Clementis,
901 2859 1060 2937 olearii,v
1074 2881 1099 2925 s.
1116 2866 1142 2927 t.

138 2968 258 3015 Martinus
271 2969 431 3019 Faucharins.

150 3055 183 3120 6.
201 3057 396 3124 -11Non.
416 3093 460 3108 -
484 3058 574 3126 Obiit
589 3059 771 3142 Evrardus,
790 3062 985 3139 monachus,
1004 3081 1064 3147 pro
1082 3080 1146 3146 quo

109 3169 206 3237 debet
231 3170 333 3237 abbas
356 3193 457 3259 super
485 3173 625 3260 quedam
659 3173 828 3260 adquisita
862 3197 921 3262 per
944 3175 1143 3262 Hugonem,

108 3284 274 3364 abbatem,
287 3287 374 3373 apud
389 3289 597 3370 Bassiacum,
612 3309 676 3356 vs.
687 3293 729 3368 t..
745 3291 780 3355 vi
797 3291 829 3356 d.
849 3291 1039 3372 elemosine,
1057 3292 1091 3357 vi
1111 3289 1144 3355 d.

108 3400 347 3486 pulsatoribus.

138 3516 226 3564 Abbas.

149 3606 277 3674 Eadem
289 3607 354 3685 die,
374 3606 457 3679 obiit
473 3607 681 3695 Arnulphus,
694 3606 872 3694 presbiter,
888 3627 949 3693 pro
964 3627 1029 3693 quo
1045 3607 1147 3675 habet

108 3725 313 3799 conventus,
343 3727 443 3816 super
461 3723 594 3818 vineam
626 3724 661 3787 in
680 3720 817 3808 fCampo
845 3721 900 3786 ieu
930 3723 1041 3786 Droue
1067 3723 1100 3788 vi
1117 3742 1144 3787 s.

108 3857 137 3922 p.
157 3835 351 3902 reddendos·
365 3836 400 3899 in
416 3834 502 3915 festo
524 3836 690 3938 hyemalis
708 3836 988 3904 Sancti-Martini.

137 3952 203 3998 Istud
219 3947 421 3997 anniversarium
436 3950 629 4010 computaturin
641 3940 780 4011 Novembri,
789 3951 848 4010 quie
864 3954 922 3998 tunc
936 3953 963 3999 in
976 3953 1036 4000 lesto
1051 3952 1148 4002 Sancti-

109 4021 203 4088 llartini
221 4037 343 4086 debentur
354 4037 406 4083 xxii
418 4049 439 4085 s.
452 4052 477 4098 p.
1112 4043 1116 4048 ·
