2790 4792
677 373 877 439 -112-

261 519 296 577 te
309 514 343 575 in
357 512 486 597 palacio
501 533 587 590 meo,
599 520 635 579 et
646 513 745 580 beata
760 517 828 581 eris
839 516 929 581 inter
939 516 1113 583 mulieres.
1126 519 1191 584 Cui
1208 521 1305 606 virgo

262 627 457 713 respondit:
475 628 582 694 Putas
597 630 675 714 quia
695 631 770 694 sine
790 632 866 696 viro
879 632 953 708 sim,
971 633 1117 718 eoquod
1139 634 1237 699 vides
1250 655 1303 699 me

264 744 369 808 solam
393 763 505 808 coram
521 751 569 822 te,
593 747 672 810 Dico
685 745 770 812 tibi:
793 747 871 812 Sola
888 767 955 812 non
972 767 1060 825 sum,
1082 748 1142 814 sed
1158 750 1305 817 tradidit

264 879 315 923 me
328 861 380 924 vir
394 880 487 924 meus
500 862 557 925 uni
569 861 610 926 de
624 861 786 928 militibus
799 864 882 940 suis,
895 869 932 928 ut
943 883 995 927 me
1007 864 1194 932 custodiat.
1211 867 1305 932 Dixit

263 975 294 1039 ei
318 994 401 1040 rex:
424 976 488 1041 Ubi
507 984 559 1043 est
584 978 638 1042 vir
656 985 736 1044 tuus
756 986 818 1044 ant
841 979 898 1044 ille
917 980 974 1064 qui
998 988 1033 1046 te
1061 981 1239 1049 custodit?
1260 983 1305 1048 Ut

264 1090 342 1176 quid
356 1098 391 1158 te
407 1093 512 1158 solam
536 1094 737 1162 dimiserunt
755 1093 769 1159 2
795 1096 891 1161 Dixit
908 1097 1027 1180 virgo:
1048 1097 1115 1161 Vir
1133 1118 1243 1176 meuS,
1264 1099 1305 1163 de

264 1229 328 1294 quo
342 1209 545 1297 interrogas,
562 1211 657 1278 sedet
676 1213 712 1276 in
730 1212 814 1278 solio
832 1214 941 1298 patris
959 1212 1084 1278 alciore
1104 1214 1303 1292 stellarum;

264 1334 297 1392 et
318 1327 513 1408 circaeam,
543 1334 638 1394 stant
661 1329 752 1393 mille
773 1328 880 1394 millia
904 1330 1114 1426 angelorum,
1136 1337 1173 1396 et
1187 1350 1304 1396 omnes

265 1450 345 1509 sunt
364 1444 506 1510 accincti
528 1445 623 1509 zonis
641 1447 753 1523 aureis
777 1453 813 1512 et
836 1451 955 1512 tenent
971 1445 1088 1522 falces,
1112 1451 1152 1512 ut
1168 1451 1306 1512 secoent

218 1556 325 1625 tovos
350 1579 410 1645 per
439 1558 595 1624 medium.
615 1561 658 1627 Et
679 1560 739 1624 alii
760 1567 839 1627 sunt
857 1561 1047 1647 plusquam
1071 1560 1164 1625 mille
1181 1562 1303 1639 millia,

265 1678 322 1762 qui
343 1678 561 1764 interpeDant
587 1695 647 1764 pro
676 1676 772 1742 nobis
803 1677 975 1743 dicentes:
1008 1679 1120 1754 Nunc,
1147 1679 1302 1754 Domine,

265 1791 399 1859 dimitte
418 1793 486 1858 illis
510 1791 674 1859 modicum
690 1797 836 1878 tempus,
859 1798 894 1859 et
914 1794 943 1858 si
959 1813 1026 1858 non
1041 1792 1183 1860 credunt
1208 1795 1244 1858 in
1271 1800 1306 1861 te

266 1909 300 1972 in
308 1906 466 1994 prefinito
478 1914 642 1995 tempore,
657 1908 848 1974 occidamus
858 1912 893 1975 ot
904 1910 1079 1976 mittamus
1094 1909 1130 1972 in
1144 1908 1305 1975 tenebras

266 2026 452 2090 exteriores
464 2047 473 2103 ;
494 2024 540 2089 ibi
554 2026 621 2090 erit
634 2023 734 2092 fletus
752 2028 788 2090 et
801 2024 928 2091 stridor
942 2024 1108 2090 dencium.
1130 2023 1214 2090 Cum
1229 2026 1307 2092 teti·

266 2160 347 2227 gero
366 2142 476 2206 virum
502 2161 612 2205 meum
643 2140 768 2206 munda
796 2160 886 2216 snm,
922 2160 996 2204 oum
1028 2159 1189 2205 amavero
1210 2145 1307 2207 casta

267 2264 352 2336 stim,
372 2278 446 2323 cum
463 2278 621 2344 accepero
638 2259 735 2344 virgo
751 2277 837 2334 sum,
855 2264 891 2323 et
903 2257 1017 2342 posuit
1040 2257 1174 2342 signum
1195 2259 1231 2321 in
1251 2255 1267 2321 f
1288 2292 1305 2306 ·

267 2375 349 2438 ciem
369 2393 489 2451 meam,
511 2380 549 2440 ut
567 2374 696 2438 nullum
713 2378 826 2459 preter
843 2392 918 2437 oum
930 2377 1116 2438 amatorem
1132 2373 1303 2450 amittam,

268 2497 301 2556 et
321 2489 462 2556 tradidit
486 2489 623 2554 auribus
644 2489 727 2553 meis
752 2487 995 2553 inestimabiles
1016 2489 1234 2573 margaritas.
1271 2489 1306 2554 Si

267 2606 342 2672 volo
357 2610 450 2671 tuam
466 2606 615 2691 accipere
631 2624 790 2670 coronam
804 2610 838 2671 et
856 2604 1027 2670 dimittere
1048 2603 1304 2689 sempiternam,

219 2736 258 2799 20
268 2743 335 2788 non
358 2724 473 2789 veniat
498 2723 567 2788 ista
592 2740 717 2786 corona
734 2726 795 2787 tua
810 2739 910 2805 super
924 2739 989 2796 me,
1003 2719 1061 2784 sed
1076 2720 1307 2786 anathemati-

268 2840 433 2905 nationem
453 2837 576 2903 habeat
595 2856 720 2902 corona
744 2842 804 2903 tua
823 2842 857 2903 et
884 2836 1060 2921 imperium
1080 2838 1115 2900 et
1135 2835 1306 2921 palacium

268 2963 362 3022 tuum
379 2960 536 3021 etomnes
549 2954 778 3039 possessiones
791 2958 860 3028 tue,
873 2953 951 3037 quia
963 2950 1066 3016 nichil
1081 2956 1172 3017 recte
1189 2953 1304 3038 egisti,

269 3073 327 3139 sed
346 3072 471 3158 injuste
486 3071 598 3136 omnia
614 3068 719 3134 facis:
746 3068 927 3133 manducas
950 3068 1038 3132 enim
1054 3086 1174 3132 carnes
1194 3066 1308 3132 homi-

269 3210 347 3255 num
363 3195 397 3256 et
417 3187 502 3253 bibis
526 3188 723 3274 sanguinem
746 3205 872 3250 eorum.
889 3183 970 3248 Cum
994 3181 1146 3249 audisset
1165 3202 1228 3247 rex
1243 3183 1308 3248 heo

269 3307 393 3384 omnia,
419 3307 527 3372 iratus
547 3309 599 3370 est
614 3309 648 3370 et
661 3303 710 3368 ait
724 3300 910 3366 ministris:
936 3297 1100 3364 Adducite
1120 3298 1203 3362 mihi
1225 3297 1309 3364 dra-

269 3443 396 3501 conem,
415 3424 470 3507 qui
485 3428 538 3487 est
550 3422 585 3485 in
601 3419 730 3506 palacio
746 3416 908 3482 reclusus.
928 3417 1020 3479 Tunc
1036 3420 1156 3481 sancta
1170 3415 1309 3481 Venera

269 3539 375 3606 dixit:
398 3540 464 3604 Deo
481 3556 554 3601 meo
578 3534 718 3621 subjecti
734 3537 812 3596 sunt
829 3530 990 3595 dracones
1014 3534 1048 3596 et
1076 3534 1251 3615 serpentes
1275 3536 1311 3598 et

269 3657 380 3723 omnia
406 3653 581 3741 pestifera,
602 3651 680 3736 quia
707 3650 778 3734 ipse
799 3646 891 3728 solus
914 3645 1094 3733 plasmavit
1119 3647 1245 3722 omnia,
1275 3652 1311 3713 et

268 3774 365 3840 modo
397 3793 456 3859 per
479 3771 639 3838 virtutem
668 3767 727 3832 Dei
757 3763 885 3831 videbis
918 3762 1095 3829 draconem
1121 3764 1249 3830 victum
1276 3768 1311 3830 et

222 3893 259 3958 30
271 3889 456 3958 confusum.

314 4018 347 4095 u.
363 4006 499 4093 Augens
512 4003 637 4071 divina.
710 4005 741 4079 t.
753 3997 918 4083 Namque.
