2790 4792
592 444 723 514 -227
746 483 789 496 -

219 593 285 671 Pre
306 605 466 682 Roberto,
482 602 681 691 presbiter0‚
699 603 749 668 xii
763 601 796 670 d.
813 624 845 690 p.

208 731 287 778 Filius
296 731 425 778 Travaillie
437 731 485 778 dou
498 730 623 777 charnier.

221 829 287 895 Pro
308 831 428 908 Maria,
450 830 568 897 relicta
587 829 630 894 H.
649 830 767 906 Bouet,
785 829 833 893 xii
855 826 885 892 d.
908 848 938 914 p.

212 942 364 990 Christianus
375 944 464 990 Morins
473 945 503 991 de
518 943 701 991 Charbonibres.
967 947 969 949 ’

221 1043 287 1107 Pro
307 1043 443 1122 Milone,
460 1044 571 1129 priore
593 1043 633 1109 de
653 1041 865 1120 Andrisiaco,
883 1041 916 1107 vi
931 1039 964 1107 d.
982 1061 1011 1127 p.

208 1168 327 1215 Gerardus
343 1169 373 1216 de
389 1169 515 1216 Puisiaux.

206 1258 334 1304 Johennes
347 1260 482 1316 Lahoipne.
496 1283 528 1294 -
542 1257 648 1322 {Tierris
660 1259 679 1303 li
688 1259 787 1305 Blados.
801 1257 836 1303 MS
849 1253 897 1317 564

217 1357 313 1442 Apud
330 1358 623 1444 Maleyum-Regis
643 1376 744 1423 unum
761 1355 946 1422 sextarium
961 1352 1067 1420 ordei.

205 1481 356 1530 Laureneius
372 1484 478 1533 Fillaux.

222 1581 289 1645 Pro
309 1580 450 1667 Hugone
465 1580 567 1657 Gode‚
585 1581 622 1645 iii
643 1601 670 1645 S.
686 1603 719 1666 p.

217 1696 284 1760 Pro
305 1695 424 1762 Gilone
441 1696 547 1764 Bodet
566 1701 600 1764 et
616 1701 737 1776 matre,
754 1696 803 1762 xii
817 1716 844 1760 s.
859 1717 891 1782 p.

203 1817 296 1866 Relicta
311 1821 362 1866 Ade
379 1820 401 1867 le
417 1820 476 1867 piat.

218 1919 285 1984 Pro
305 1918 431 2005 plantis
453 1923 548 1986 sutus
563 1941 676 1988 muros
697 1920 1006 1999 Sancti-Johannis,
1019 1921 1054 1986 vi
1065 1918 1111 1988 lb.
1124 1922 1161 1986 xi
1176 1941 1204 1987 S.
1282 1982 1291 1999 ,,
1387 1990 1393 1998 ,

175 2035 234 2100 viii
251 2034 282 2100 d.
308 2057 341 2121 p.

215 2151 281 2214 Pro
302 2150 448 2237 Symone
464 2152 596 2230 abbate,
615 2153 707 2240 eujus
724 2154 993 2220 anniversarium
1007 2151 1046 2219 fit
1063 2153 1098 2218 in
1113 2153 1206 2220 Mar·

175 2268 236 2345 cio,
251 2267 286 2332 lx
303 2287 329 2332 S.
344 2272 370 2334 t.

204 2394 328 2439 lohannes
344 2407 393 2440 aux
405 2394 465 2439 Auz.

216 2492 281 2556 Pro
301 2492 330 2555 J.
351 2491 391 2556 de
406 2489 569 2557 Pontibus
582 2494 616 2557 et
629 2489 828 2575 quibusdam
846 2491 934 2570 aliis,
951 2489 987 2557 lx
1008 2511 1035 2556 S.
1052 2497 1079 2558 t.

205 2616 328 2662 Johannes
341 2615 426 2662 Baillet
442 2629 459 2661 x
471 2627 491 2661 S.
502 2615 607 2662 Tevenot
617 2615 704 2664 Sallot.

200 2706 225 2750 F.
241 2705 366 2760 Ouarrelet
381 2719 398 2751 x
414 2717 435 2751 S.

201 2795 248 2841 Th.
263 2793 349 2840 Baillet
361 2808 377 2840 x
391 2807 412 2841 S.

201 2883 323 2929 Iohannes
337 2884 367 2930 de
379 2883 456 2942 Paqui
467 2897 483 2929 x
502 2894 524 2933 S.
758 2947 760 2950 y

202 2973 227 3017 F.
244 2971 340 3018 Bailliet
357 2986 388 3017 xx
400 2985 421 3017 S.
433 2996 462 3006 ·-
477 2973 564 3017 GilonS
578 2976 602 3017 et
618 2972 707 3018 Marie.

212 3069 278 3133 Pro
294 3068 441 3148 Andrea,
458 3068 627 3149 barberio,
641 3069 735 3155 cujus
752 3071 1021 3138 anniversarium
1038 3068 1078 3137 fit
1096 3070 1130 3134 in
1142 3069 1161 3134 J
1164 3091 1203 3134 u·

176 3187 240 3263 nio,
256 3206 280 3250 x
293 3206 320 3250 s.
337 3190 363 3252 b.

201 3312 343 3359 Dominieus
359 3311 454 3358 Divitis,
793 3355 796 3359 ,

214 3408 277 3470 Pro
296 3407 438 3473 Hebrieo
459 3408 624 3492 Boeqube,
642 3411 812 3493 mobaebo,
832 3419 863 3475 et
877 3413 1037 3493 mapistro
1051 3409 1202 3473 Iohanne

175 3520 314 3604 δὴοιαγι,
336 3542 404 3586 oebv
422 3543 448 3589 S.
466 3533 531 3588 ber.
1066 3499 1068 3506 Ι

201 3646 315 3691 Clemens
331 3646 453 3695 Renardi.

213 3746 275 3811 Hie
289 3743 452 3813 debentur
469 3746 645 3831 pensiones
662 3747 834 3813 vinearum
853 3744 895 3811 de
909 3733 1087 3823 Merderel‚
1103 3748 1140 3809 wi
1157 3746 1197 3810 lb.

169 3865 206 3926 eb:
221 3883 248 3927 S.

212 3978 277 4043 Pro
301 3979 400 4044 vinea
420 3977 461 4042 de
481 3977 514 4042 la
530 3977 650 4045 Pointe
668 3977 736 4044 bla
750 3975 888 4055 Ceubre,
906 3997 951 4042 xv
966 3997 993 4042 S.
1015 3980 1042 4043 t.

200 4104 341 4152 Conventus
352 4109 424 4150 tenet.
