2782 4786
504 410 701 477 -107-

117 553 216 623 Christi
230 555 287 644 (l).
305 556 349 623 Et
368 557 509 622 recessit
523 554 663 643 angelus
680 553 721 620 ab
736 574 776 620 ea
796 575 870 621 cum
883 554 995 622 tufore
1009 561 1044 623 et
1061 577 1119 625 ca-

115 667 175 737 lore.
194 671 313 740 Statim
337 676 455 739 sancta
478 672 574 758 virgo
591 671 731 738 recessit
753 669 793 736 de
821 670 893 737 loco
911 671 968 736 illo
992 675 1027 739 et
1046 693 1119 738 am-

114 781 222 856 bulabat
237 808 297 876 per
311 787 538 854 umbraculum
556 791 593 854 ut
607 787 699 854 calor
709 788 818 854 exiret
832 786 873 852 ab
889 807 939 857 ea.
957 788 1120 856 Videntes

112 906 199 968 autom
215 909 373 991 parentes
396 903 468 990 ejus
486 922 559 968 eam
577 904 625 968 sic
646 901 926 980 deambulantem,
944 902 1073 970 vultum
1087 908 1120 971 et

109 1010 205 1085 faciem
218 1019 289 1106 ejus
304 1020 391 1086 sicut
406 1017 575 1085 flammam
590 1019 691 1105 ignis,
705 1019 903 1096 timuerunt,
923 1019 1119 1090 estimantes

106 1133 134 1196 ut
151 1132 252 1201 febres
266 1134 417 1205 haberet.
432 1136 608 1202 Venerunt
621 1133 662 1201 ad
675 1154 748 1199 eam
763 1138 797 1201 et
810 1134 1031 1219 loquebantur
1045 1157 1118 1202 cum

10 1276 12 1281 ·
101 1261 142 1313 ea.
166 1251 226 1317 Illa
252 1255 365 1318 autem
385 1250 583 1337 loquebatur
603 1250 644 1316 ad
667 1270 723 1317 eos
749 1251 825 1316 aliis
844 1250 982 1338 linguis,
1006 1256 1041 1318 et
1054 1253 1119 1339 ipsi

91 1371 241 1439 parentes
254 1386 320 1433 non
333 1366 568 1454 intelligebant
585 1386 669 1433 eam.

127 1483 162 1562 st.
185 1483 299 1571 Specie
317 1487 387 1550 tua.

130 1601 232 1666 Lectio
245 1599 309 1664 111⁰
324 1598 381 1686 (2).
398 1598 476 1665 Alia
487 1618 567 1665 vero
582 1598 647 1678 die,
665 1619 802 1687 egressa
818 1592 917 1669 estin
932 1601 1115 1681 civitatem,
1133 1608 1169 1671 lo

75 1704 113 1773 ln
138 1716 241 1783 medio
256 1716 458 1802 platearum,
469 1714 525 1782 ubi
536 1716 678 1803 populus
691 1717 922 1795 conveniebat,
933 1721 967 1784 et
979 1718 1067 1804 cepit
1078 1717 1119 1783 de

72 1832 191 1899 medio
214 1832 327 1919 populi
350 1831 496 1898 clamare
520 1835 555 1898 et
574 1831 684 1898 dicere
704 1851 784 1899 voce
808 1852 952 1920 magna:
978 1833 1116 1913 Scitote,

68 1952 211 2027 sentes,
225 1948 364 2014 verbum
379 1949 451 2027 Dei,
469 1949 626 2035 quianon
647 1953 701 2016 est
718 1949 804 2014 alius
818 1951 906 2016 Deus
921 1949 987 2015 nisi
1001 1950 1119 2017 Chris·

66 2050 151 2141 lUS,
175 2065 235 2130 Dei
265 2062 368 2148 filius,
395 2069 430 2131 et
455 2084 587 2141 omnes,
617 2066 672 2152 qui
696 2064 838 2132 credunt
863 2066 898 2131 in
921 2066 1028 2145 illum,
1052 2086 1118 2133 non

63 2181 342 2249 confunduntur.
367 2184 551 2263 Revertite,
576 2189 706 2272 gentes,
731 2185 773 2250 ad
803 2187 995 2257 Dominum.
1015 2187 1117 2251 Deum

61 2297 242 2379 vestrum,
269 2299 347 2385 quia
367 2300 516 2367 retinent
534 2319 593 2367 ros
614 2300 766 2366 diabolus
789 2307 822 2368 et
844 2302 955 2389 angeli
976 2301 1060 2388 ejus.
1080 2306 1118 2369 ut

58 2412 148 2478 IlOn
162 2415 374 2502 cognoscatis
390 2416 494 2481 Deum
509 2436 643 2495 rerum3
660 2421 695 2482 et
710 2436 784 2503 eg0‚
804 2418 859 2503 qui
876 2417 993 2501 loquor
1005 2415 1119 2482 vobis-

56 2527 168 2608 eum,
198 2531 323 2597 ancilla
347 2532 419 2619 ejus
443 2552 515 2597 sum
542 2531 672 2599 effecta.
699 2533 742 2598 Et
773 2552 847 2598 cum
874 2531 935 2597 hec
960 2531 1115 2610 dixisset,

53 2645 245 2718 Venerunt
262 2651 296 2715 et
317 2648 610 2736 apprehenderunt
635 2668 721 2726 eam,
750 2652 785 2716 et
805 2647 1019 2716 adduxerunt
1042 2669 1115 2714 eam

50 2759 159 2831 &nte
174 2785 301 2851 regem,
318 2769 352 2832 et
371 2765 531 2832 dixerunt
553 2765 606 2831 ei:
635 2765 787 2843 Domine,
812 2766 879 2832 ista
902 2769 954 2831 est
980 2785 1042 2850 que
1060 2777 1164 2839 rte-20

48 2875 177 2947 Vocat
195 2880 347 2968 populor,
365 2884 403 2948 ut
419 2900 485 2946 non
499 2880 639 2949 credant
653 2881 687 2945 in
705 2881 769 2946 diis
790 2879 847 2969 (3).
866 2883 959 2947 Tunc
973 2880 1060 2948 dixit
1073 2881 1115 2946 ad

48 2991 152 3062 Sam
173 3017 235 3063 rex
261 2997 393 3063 blandis
413 2998 641 3063 sermonibus:
671 2999 731 3064 Dic
754 2997 849 3076 mihi,
879 2998 1001 3084 puella,
1028 2997 1115 3062 unde
1205 3080 1207 3085 .

48 3108 111 3172 ‘³8
130 3119 167 3181 tu
192 3115 247 3181 vel
266 3113 352 3200 quod
375 3133 495 3180 nomen
514 3113 577 3181 tibi
597 3114 672 3182 estl
694 3113 880 3202 Respondit
902 3112 1001 3180 beata
1020 3113 1115 3200 virgo

49 3223 109 3289 et
138 3229 247 3298 dixit:
273 3230 358 3305 Quid
383 3229 466 3295 mihi
496 3231 688 3317 interrogas
717 3229 757 3295 de
795 3231 928 3295 nomine
966 3249 1038 3294 meo
1062 3229 1116 3295 vel

51 3341 165 3413 unde
177 3346 274 3411 sumi
290 3347 361 3434 Ego
383 3368 455 3412 sum
476 3347 517 3412 de
541 3347 669 3413 duabus
686 3347 852 3433 partibuS,
867 3366 933 3411 una
947 3347 987 3411 de
1000 3345 1113 3412 celesti

57 3460 111 3524 Qt
131 3462 198 3528 alia
223 3461 264 3528 de
290 3464 472 3542 terrestri;
494 3468 528 3531 et
553 3468 678 3545 tamen,
704 3464 733 3527 si
753 3464 804 3529 vis
829 3468 864 3527 ut
885 3461 1027 3527 indicem
1053 3460 1115 3527 tibi

63 3578 197 3643 Ilomen
211 3597 333 3656 meum,
352 3577 459 3644 habco
474 3599 576 3644 unum
592 3579 632 3644 de
646 3579 716 3646 celo
737 3583 771 3646 et
786 3578 886 3643 alium
903 3577 943 3642 de
962 3581 1067 3654 terra,
1082 3580 1116 3642 et

68 3694 185 3759 omnis
212 3694 269 3780 qui
297 3692 405 3760 credit
427 3695 462 3759 in
486 3693 621 3762 Christo
651 3714 693 3759 ex
726 3699 799 3761 toto
826 3692 924 3759 corde
951 3691 1045 3758 vadit
1073 3690 1115 3755 ad

108 3883 141 3949 (l)
155 3887 192 3934 En
203 3898 288 3947 marga
299 3903 305 3933 ι
324 3886 407 3933 Lectio
423 3887 478 3935 Vlc.

111 3970 144 4037 (2)
158 3976 194 4024 En
207 3988 307 4040 merge:
323 3976 406 4026 Lectio
420 3976 484 4031 Vlla

111 4060 141 4125 (3)
157 4066 193 4122 En
203 4077 302 4128 marga:
320 4066 404 4115 Lectio
420 4067 504 4116 Villo.
