2782 4786
686 429 864 496 ..34-

256 579 343 645 crati
372 595 432 663 per
464 573 627 661 quadrum
660 573 848 660 permansit
871 573 1003 658 integre
1018 567 1293 634 incombustum.

299 693 461 778 Tempore
483 690 633 783 perversi
651 687 782 754 abbatis
804 686 974 753 Notrauni
990 685 1046 770 qui
1070 683 1162 749 hunc
1186 683 1296 748 locum

255 807 306 899 ire
328 803 515 870 desolatum
535 803 669 889 penitus
694 803 814 880 voluit,
847 799 1100 888 pretermissum
1116 797 1196 863 'luit
1224 795 1299 868 offi-

255 922 342 986 cium
367 939 487 1006 magne
507 919 609 985 misse
624 902 693 983 una
707 915 836 982 dierum
860 914 1038 1001 superhoc
1052 912 1163 998 majus
1187 911 1298 978 altare

255 1033 505 1101 sanctissimum
518 1032 694 1110 celebrari,
709 1032 862 1118 quamvis
876 1035 957 1098 tuuc
971 1032 1086 1096 essent
1101 1028 1157 1094 hic
1177 1046 1298 1113 quam-

252 1147 389 1234 plurimi
417 1147 573 1213 monachi
601 1144 806 1213 sacerdotes.
843 1144 1066 1230 Subsequenti
1090 1162 1171 1209 vero
1196 1144 1297 1208 nocte

253 1263 344 1329 illius
359 1262 438 1340 diei,
461 1281 576 1328 omues
599 1261 699 1329 istius
722 1260 787 1327 loci
805 1258 999 1329 sacerdotes
1012 1257 1151 1325 insimul
1169 1256 1296 1323 mortui

253 1373 335 1437 sunt
350 1369 492 1436 inventi.
1037 1389 1040 1393 ·
1140 1385 1143 1388 ⁴
1187 1391 1190 1397 ·

295 1484 458 1570 Tempore
479 1481 653 1549 nobilioris
667 1482 732 1547 viri
754 1480 867 1548 domni
884 1479 1050 1569 Regnaldi
1067 1479 1299 1565 abbatispre·

205 1595 385 1664 insidebat
397 1596 640 1683 temporalibus
655 1597 709 1663 vir
724 1596 914 1683 religiosus,
931 1598 1128 1663 Letrannus
1140 1596 1295 1674 nomine,

252 1714 322 1779 oris
336 1714 388 1778 sni
412 1717 526 1780 custos
545 1713 645 1800 hujus
672 1712 737 1778 loci
763 1712 948 1792 monachus
968 1731 1030 1797 pro
1050 1689 1299 1798 posse'elemo-

253 1828 338 1894 sinis
354 1826 493 1894 studens
507 1827 636 1894 fecerat
658 1830 693 1893 et
720 1828 808 1892 enim
825 1846 966 1913 parvum
981 1826 1134 1892 foramen
1160 1827 1298 1894 iuma-

252 1943 339 2008 cerie
365 1963 425 2028 per
453 1942 540 2028 quod
570 1946 726 2028 porrecta
752 1961 853 2008 manu
879 1962 900 2008 a
929 1940 1013 2028 foris
1045 1942 1296 2028 aliquantulum

250 2058 348 2142 panis
372 2058 426 2123 vel
447 2075 581 2123 annone
610 2057 645 2121 in
666 2057 776 2122 sinum
801 2057 957 2142 pauperis
985 2054 1197 2125 infundebat.
1228 2058 1297 2124 Su-

248 2170 346 2237 berat
371 2171 420 2236 illi
446 2170 581 2257 quidam
603 2170 712 2236 fidelis
734 2170 882 2237 famulus
901 2173 1035 2238 nomine
1053 2173 1294 2241 Constanoius.

248 2282 313 2351 Hic
326 2305 394 2351 una
410 2285 539 2352 dierum
565 2284 607 2351 ad
632 2283 854 2351 conficiendos
876 2305 981 2372 panes
997 2287 1150 2356 triticum
1172 2289 1293 2374 petiit;

218 2419 223 2428 ¹
247 2402 301 2466 cui
315 2402 519 2484 Lemannus,
538 2400 650 2467 claves
667 2399 857 2488 porrigens,
875 2398 984 2467 dixit:
1003 2402 1098 2470 Vade
1110 2402 1154 2469 ad
1166 2403 1296 2486 horrea
1364 2461 1367 2465 .

245 2519 281 2582 et
295 2536 389 2582 sume
401 2521 596 2583 consuetam
611 2534 818 2582 mensnram.
837 2515 900 2590 Qui
913 2520 1031 2602 aperto
1046 2518 1168 2585 horreo
1185 2519 1296 2586 nichil

245 2630 376 2697 invenit
399 2636 434 2697 et
447 2632 704 2717 nimium-super
727 2631 792 2697 hoc
813 2631 1034 2700 tremefactus
1054 2634 1090 2699 in
1114 2631 1289 2701 redeundo

196 2751 235 2814 20
244 2743 314 2809 tale
337 2763 535 2830 responsum
549 2744 650 2813 fratri
665 2745 812 2814 reddidit
826 2747 1022 2813 nominato:
1040 2749 1091 2814 Ve
1106 2747 1186 2834 quid
1200 2747 1263 2816 liet
1277 2748 1292 2814 2

245 2858 412 2924 Horreum
430 2859 474 2925 ex
497 2864 569 2928 toto
590 2866 789 2928 evacuatum
815 2865 889 2942 est;
910 2867 1019 2930 totam
1040 2863 1130 2930 hanc
1147 2865 1294 2951 provin-

245 2974 330 3043 ciam
360 2975 412 3043 ila
436 2975 551 3042 valida
568 2974 677 3041 fames
704 2996 793 3042 nunc
814 2979 981 3064 oppressit
990 2982 1042 3045 --ut
1063 2979 1292 3066 plurimorum

243 3095 370 3157 mortes
383 3091 470 3159 fiant
483 3098 517 3161 et
530 3113 591 3160 vos
605 3100 720 3162 vestra
734 3094 895 3180 largitate
910 3114 1079 3160 annonam
1096 3095 1292 3180 ad-stipen·

243 3204 299 3270 dia
331 3205 475 3274 fratrum
510 3206 706 3296 deputatam
735 3209 875 3296 prodige
898 3208 1063 3276 tribuisti.
1089 3209 1151 3275 (lui
1178 3209 1292 3277 irater

243 3321 311 3386 Deo
337 3322 445 3389 fidens
477 3326 622 3411 imperat
648 3326 783 3393 dicens:
814 3327 942 3392 Tacens
970 3325 1044 3404 sile,
1071 3329 1105 3392 et
1135 3344 1290 3392 cavana

243 3435 363 3502 domno
376 3436 490 3504 abbati
505 3439 569 3504 hoc
587 3440 742 3506 indicans
755 3441 840 3506 iram
851 3440 991 3507 inferas.
1011 3439 1227 3506 Tunc-frater
1242 3439 1289 3506 ad

243 3550 351 3616 altare
366 3551 562 3637 confugiens
581 3554 774 3638 antepedes
786 3556 895 3624 sancti
907 3556 1081 3622 Sabiniani
1101 3555 1173 3622 solo
1187 3574 1289 3640 pros·

242 3667 354 3732 tratus
371 3686 448 3730 cum*
464 3664 530 3730 fide
542 3671 577 3733 et
591 3667 740 3733 lacrimis
757 3669 910 3735 divinum
922 3671 986 3736 sibi
1003 3663 1122 3738 adesse
1135 3672 1290 3758 deposcit

189 3822 191 3826 ψ
242 3782 418 3860 auxilium,
444 3783 523 3868 quia
536 3768 679 3848 ¹necesse
705 3790 758 3851 est
776 3784 832 3849 ubi
855 3785 1040 3852 humanum
1060 3789 1171 3852 cessat
1185 3772 1289 3871 adju-

192 3911 231 3976 30
241 3894 366 3959 terium
387 3916 461 3961 eum
483 3896 606 3963 fiducia
629 3897 779 3964 divinum
801 3899 976 3966 humiliter
999 3901 1200 3987 postuletur.
1223 3899 1287 3967 Cui

241 4004 340 4073 affuit
361 4009 586 4080 incontinenti
598 4012 638 4078 -in
661 4014 818 4082 oratione
840 4032 875 4079 se
899 4018 1051 4099 poscenti
1076 4016 1192 4085 divina
1210 4035 1286 4084 ma—
