2790 4792
629 505 674 524 -
695 470 826 541 270-

209 617 323 706 gaudii
347 614 523 683 affluencia
542 614 723 703 gratulari,
741 613 819 679 dum
839 611 1030 679 Salvatoris
1045 611 1109 677 Dei
1129 616 1163 677 et
1181 610 1237 675 tio·

211 735 294 799 mini
316 734 422 801 nostri
448 731 701 799 ihesu-Christi
724 728 840 795 fideles
859 731 894 795 et
912 727 1041 793 amicos
1070 727 1106 792 in
1130 727 1236 814 spiritu

209 848 416 915 humilitatis
436 846 478 914 ad
496 846 781 914 restauracionem
801 847 836 911 et
861 843 1122 930 ampliauionem
1141 842 1236 908 cultus

208 964 312 1031 divini
330 971 365 1032 et
381 965 520 1032 ecclesie
535 963 698 1032 ortodoxe
710 962 860 1030 videmus
874 964 910 1027 in
931 962 1063 1028 sanctis
1080 961 1151 1026 suis
1164 957 1236 1024 mol-

207 1079 369 1167 tipliciter
389 1079 585 1147 collaudari.
603 1080 673 1155 Quo
694 1099 755 1146 nos
770 1077 893 1144 infimis
908 1077 1173 1146 catitauionibus
1187 1074 1235 1140 ad·

208 1201 391 1280 vertentes,
415 1201 511 1264 tanto
532 1196 700 1266 attencius
721 1194 763 1261 ad
783 1215 898 1262 corum
925 1194 1117 1262 salutarem
1140 1193 1235 1258 inten-

207 1312 316 1379 dimus
332 1312 557 1392 devocionem‚
577 1316 701 1399 quanto
718 1312 826 1400 magis
841 1310 1011 1378 credimus
1027 1317 1064 1378 et
1078 1326 1232 1398 speramus

207 1428 419 1496 Altissimum
435 1428 588 1516 gloriari.

250 1541 331 1608 Cum
345 1543 450 1631 igitur
465 1542 606 1609 ecclesia
621 1540 762 1630 predicti
786 1542 894 1608 nostri
911 1543 1129 1620 monasterii,
1147 1562 1166 1606 a
1180 1539 1231 1628 pri·

205 1678 299 1725 mevo
320 1679 379 1725 sue
397 1657 609 1726 fundacionis
625 1659 776 1736 exordio,
799 1678 820 1724 a
835 1656 1034 1725 beatissimo
1050 1659 1227 1733 Saviniauo,

204 1775 351 1861 'ejusdem
371 1776 558 1843 Salvatoris
580 1776 688 1843 nostri
713 1774 875 1861 discipulo
902 1777 937 1839 et
959 1773 1148 1841 Galliarum
1167 1793 1230 1860 pro

203 1893 424 1976 thomartire‚
456 1893 630 1980 primoque
658 1892 901 1959 Senonensium
930 1892 1110 1979 pontifice,
1142 1891 1230 1956 adhuc

206 2009 302 2077 beato
313 2010 426 2095 Petro,
439 2009 666 2096 apostolorum
678 2011 840 2096 principe,
850 2011 886 2075 in
899 2010 1060 2075 humanis
1069 2011 1228 2082 existente,

203 2122 372 2192 fabricata
395 2131 429 2193 et
444 2125 600 2194 edificata
615 2125 680 2193 fuit
699 2124 757 2215 (l),
774 2126 987 2213 postmodum
1000 2147 1084 2193 vero
1098 2126 1138 2193 ab
1151 2124 1230 2190 illus·

203 2240 354 2308 trissimo
362 2261 550 2328 magnoque
564 2243 714 2329 principe
724 2241 901 2324 Clodoveo‚
916 2243 1027 2328 primo
1039 2244 1229 2309 Francorum

203 2357 388 2425 christiano
422 2378 520 2445 rege,
546 2359 580 2423 in
608 2358 676 2443 jam
706 2357 797 2424 dicta
827 2357 969 2424 ecclesia
1001 2359 1228 2426 monasterium

203 2474 389 2562 predictum
416 2475 456 2541 ab
483 2476 550 2541 imo
576 2473 753 2542 fundatum
779 2476 946 2559 extiterit,
971 2477 1148 2565 ipsumque
1166 2496 1231 2561 pre·

203 2591 334 2657 diorum
347 2613 386 2658 ac
395 2593 644 2678 possessionum
654 2592 753 2679 longe
767 2592 900 2678 lateque
915 2593 1122 2660 situatarum
1137 2611 1232 2681 quam·

203 2708 356 2793 plurimis
370 2706 556 2774 redditibus
572 2707 614 2773 ad
630 2709 689 2774 Dei
705 2707 844 2787 cultum,
861 2709 1001 2788 victum,
1017 2712 1229 2795 vestitumque

202 2825 431 2892 cothidianum
468 2825 782 2911 probatissimorum
822 2827 985 2906 virorum,
1028 2829 1091 2895 sub
1133 2832 1231 2895 sancte

203 2941 317 3029 regule
330 2942 443 3020 titulo,
461 2943 527 3007 Deo
539 2949 572 3010 et
583 2943 775 3009 beatissime
791 2944 917 3030 uirgini
934 2944 1057 3024 Mario,
1074 2946 1231 3031 beatisque

121 3081 128 3094 ·
204 3059 366 3146 apostolis
384 3060 485 3126 Petro
505 3064 538 3126 et
559 3059 665 3125 Paulo
683 3080 722 3126 ac
739 3060 893 3126 omnibus
912 3064 1043 3129 sanctis
1056 3062 1178 3129 ibidem
1193 3061 1232 3126 die

202 3181 364 3261 nocteque
384 3174 621 3241 famolancium
642 3176 808 3243 ditissime
828 3176 892 3244 fuit
914 3177 1083 3257 dotatum,
1106 3200 1182 3265 ymo
1198 3176 1211 3242 f
1223 3206 1231 3220 ·

202 3292 298 3358 licius
314 3298 484 3359 crescente
501 3313 541 3358 ac
556 3291 699 3358 florente
725 3293 759 3356 in
783 3292 874 3360 dicta
891 3295 1035 3361 ecclesia
1053 3301 1172 3363 sancta
1187 3312 1231 3359 rc·

201 3407 337 3494 ligione,
351 3408 437 3473 idem
448 3408 602 3474 dominus
617 3429 656 3475 ac
670 3408 827 3477 Salvator
837 3415 966 3489 noster,
977 3432 1039 3477 sua
1051 3411 1165 3479 divina
1180 3409 1230 3475 mi-

109 3514 116 3524 ’
201 3525 380 3605 seratione,
395 3545 468 3590 cum
490 3527 637 3591 maximo
654 3530 848 3592 sanctorum
869 3528 1034 3596 comitatu
1051 3549 1091 3595 ac
1107 3528 1230 3615 angelo·

230 3764 264 3831 (1)
281 3769 344 3816 Cotto
358 3770 485 3826 assertion,
499 3783 529 3816 en
548 3770 678 3817 desaccord
692 3782 752 3816 avec
761 3769 797 3816 los
814 3771 966 3830 chroniquos
978 3771 1125 3819 senonaises
1136 3770 1179 3831 qui
1195 3770 1225 3816 at·

202 3858 308 3904 tribuent
326 3858 540 3916 uiThoodochiide,
556 3859 607 3905 tilla
622 3860 652 3906 de
668 3859 761 3919 Cluvis,
779 3859 803 3906 la
818 3860 947 3907 fondation
970 3860 1000 3906 de
1018 3859 1227 3908 Saint-Pierre-le·

201 3947 250 4008 Vis,
265 3948 460 4007 s'appliquerait‚
470 3949 570 3996 suivant
583 3949 619 3996 los
630 3951 726 3997 memes
736 3949 894 4009 chroniquus
906 3950 920 3996 d
934 3949 1028 4010 l'eglise
1046 3951 1171 4010 primitive
1183 3950 1226 3995 tle-

203 4037 246 4081 voe
263 4050 307 4096 par
326 4037 391 4084 saint
405 4038 522 4086 Savinien
536 4053 567 4086 nu
589 4039 787 4100 Sciat-Sauveur‚
805 4039 868 4087 dans
886 4039 909 4087 lo
929 4039 1009 4101 bourg
1030 4042 1114 4090 voisin
1130 4043 1158 4090 do
1171 4041 1224 4088 Seno

202 4123 286 4182 appele
303 4127 325 4170 tc
340 4125 390 4181 Vis,
403 4127 429 4172 in
443 4129 498 4173 uico
515 4130 558 4185 qui
575 4130 670 4176 dicitur
685 4129 774 4178 Vicus.
