2790 4792
588 463 631 478 -
652 421 719 494 222
741 462 786 479 -

216 571 276 636 Dic
293 570 459 637 dominica
479 575 556 657 post
576 569 699 638 festum
724 572 1001 639 Sancti-Martini
1024 573 1206 659 hyemalis,

173 685 274 751 habet
285 690 481 763 conventus,
504 706 603 772 super
622 685 706 752 duas
727 687 838 772 pecias
855 691 958 766 terre,
983 708 1126 773 quarum
1141 708 1209 753 una

173 803 240 867 sita
264 806 315 867 est
337 801 378 866 ad
401 802 578 888 pratellum
608 803 709 889 juxta
741 806 869 868 terram
902 803 1207 871 Sancti-Pauli-de·

173 916 306 991 Vononi,
331 922 365 983 et
385 917 487 1003 juxta
515 919 605 984 viam
629 938 861 997 communnm;
890 923 923 984 et
945 918 1120 1005 aliapocia
1142 919 1209 984 sita

173 1036 225 1098 ost
239 1033 274 1097 in
288 1033 360 1098 loco
379 1033 435 1118 qui
462 1032 586 1099 dicitur
600 1031 780 1099 Ad-Pratn
804 1032 908 1118 juxta
930 1038 1058 1101 terram
1081 1033 1210 1100 Sancti·

174 1148 338 1214 Johannis
361 1149 562 1215 senonensis
586 1155 619 1215 et
638 1148 739 1235 juxta
762 1156 890 1216 terram
923 1151 1102 1215 Laurencii
1135 1150 1211 1216 Vil-

174 1263 243 1332 lort
256 1265 298 1331 ad
315 1267 404 1332 viam
425 1265 522 1331 desoz
544 1267 677 1332 Merruz
703 1266 738 1330 in
757 1268 894 1333 censiva
909 1267 1048 1354 majoris
1066 1269 1212 1333 Domus·

177 1382 248 1458 Dei,
280 1387 380 1468 prout
407 1383 442 1447 in
465 1382 590 1449 litteris
614 1381 817 1448 senonensis
843 1385 935 1449 curie
962 1384 1158 1452 continetur
1174 1385 1210 1449 iii

177 1518 206 1563 s.
222 1500 249 1564 t.
271 1495 327 1586 (l).

208 1621 398 1669 Petrusvirlcrs.

206 1713 336 1759 Johnnnco
349 1713 397 1758 Sao
413 1713 494 1759 dictus
510 1714 648 1759 Malemcnt
662 1715 680 1758 ii
694 1726 717 1762 s.
733 1719 749 1758 t.
764 1738 794 1748 -
808 1715 920 1760 Robinuo
934 1714 1018 1760 Monlc
1039 1714 1077 1759 xii
1095 1715 1123 1760 d.
1142 1716 1172 1760 de
1190 1716 1213 1759 la

178 1808 244 1848 terre
256 1804 301 1862 qui
315 1808 351 1850 cot
366 1804 434 1849 delcz
448 1805 472 1849 la
484 1807 550 1850 torre
561 1803 749 1849 sainct-Jehon.

224 1905 277 1969 12.
297 1938 335 1955 -
351 1901 491 1968 Ydibus.
507 1940 550 1950 —
567 1900 731 1969 Obierunt
745 1902 941 1980 narduinus,
959 1903 1158 1981 monachus,
1181 1906 1214 1969 ct

178 2019 375 2096 Herbcrtus,
398 2020 507 2097 mileo,
530 2018 570 2084 dc
589 2019 762 2106 Jogniaco,
790 2038 849 2104 pro
871 2018 989 2103 quibus
1013 2019 1117 2085 habet
1134 2040 1214 2085 con-

178 2143 311 2216 ventuS,
347 2155 446 2222 super
474 2135 607 2203 domum
634 2134 781 2213 Paredii,
811 2155 872 2221 pro
901 2134 1044 2221 quodam
1072 2136 1214 2221 prandio

179 2251 266 2340 quod
279 2251 388 2320 dictus
405 2250 590 2319 Herbertus
604 2252 775 2339 quittavit,
791 2273 813 2317 v
835 2272 860 2316 s.
884 2257 910 2317 t.

211 2369 302 2415 Domus
315 2367 419 2416 raterii.

224 2456 347 2523 Eadem
362 2456 427 2536 die,
450 2458 531 2527 obiit
546 2458 633 2536 H...,
652 2479 789 2546 proquo
803 2456 900 2525 debet
917 2459 1010 2545 prior
1024 2459 1065 2525 de
1079 2461 1211 2540 Naud0,

181 2593 202 2640 v
216 2593 243 2638 s.
259 2578 287 2640 t.

213 2688 280 2735 Prior
294 2689 324 2736 do
339 2690 432 2739 Nando.

228 2781 350 2846 Eadem
367 2780 433 2859 die,
459 2779 540 2846 obiit
568 2781 729 2867 magister
751 2781 870 2861 DrocO,
895 2781 1051 2863 cofcriuS,
1071 2802 1132 2868 pro
1153 2803 1215 2868 quo

183 2991 243 3036 dam
253 2991 351 3046 peciam
364 2991 432 3045 prati
448 2992 515 3046 apud
529 2989 684 3046 Reoniacum
700 2991 879 3045 persolvendos
895 2991 926 3036 nd
936 2991 1029 3046 sectum
1039 2989 1217 3036 Sancti-Mor-

186 3081 232 3125 tini
245 3081 378 3136 hyemalis.

217 3171 366 3215 Guillclrnus
388 3172 406 3215 li
426 3169 493 3215 Bous
511 3172 541 3219 dc
560 3171 839 3228 Moleyo-Vicecomitis,
857 3184 908 3216 xxx
928 3185 949 3219 s.
967 3177 1015 3217 tor.
1031 3173 1072 3217 die
1094 3172 1217 3229 hyemalis

186 3261 244 3316 secti
257 3259 456 3305 Sancti-Martini
469 3261 515 3304 sub
530 3272 597 3315 pona
612 3273 655 3305 sex
667 3261 838 3305 denariorum.

216 3354 344 3398 Johonneo
354 3354 459 3409 Miynoti
472 3355 502 3397 dc
519 3353 800 3410 Malene-Vicecomitts,
817 3353 854 3398 xii
865 3365 887 3403 s.
904 3358 951 3398 tor.
966 3354 1007 3399 die
1019 3352 1149 3400 dominico
1163 3357 1218 3410 post

186 3445 278 3501 festum
288 3443 411 3498 hyemalis
423 3442 640 3488 Sancti-Martini.

218 3534 335 3590 Climant,
354 3532 435 3577 dictus
455 3533 474 3576 li
487 3531 653 3576 Cordonniero
670 3533 700 3576 dc
723 3532 993 3588 Malcyo-Vicccomitio
1013 3533 1056 3577 xlv
1079 3545 1101 3578 s.
1123 3536 1171 3578 tor,
1194 3532 1217 3575 in

188 3626 250 3682 sesto
260 3623 470 3669 Sancti-Martini
485 3622 608 3678 hyemalis
620 3624 739 3678 subpono
749 3635 793 3667 sex
806 3624 970 3668 denariorum
982 3635 1030 3678 pro
1048 3623 1158 3678 qualibet
1170 3623 1217 3668 die.

220 3714 254 3777 (1)
271 3715 302 3760 Lo
313 3714 449 3761 manuscrit
464 3715 491 3759 56
508 3713 588 3771 ajontc
604 3712 653 3758 ici:

220 3804 277 3849 Milo
291 3803 371 3849 dictus
393 3804 504 3849 Himhers
523 3801 553 3847 iii
573 3814 594 3852 s.
610 3815 636 3861 p.
650 3814 706 3848 cum
723 3801 794 3848 obolo
817 3812 904 3847 census
921 3813 964 3859 pro
985 3802 1056 3858 prato
1068 3812 1113 3844 suo
1128 3798 1158 3844 do
1177 3797 1217 3843 Ri-

190 3892 277 3953 gniaco
290 3893 356 3952 qnod
375 3896 472 3939 notatur
487 3892 505 3937 li
520 3892 665 3949 Secherons,
677 3891 752 3937 situm
771 3891 840 3948 juxta
857 3894 953 3949 pratum
969 3885 1104 3948 presbyteri
1123 3900 1151 3933 cx
1169 3897 1218 3932 uno

191 3988 257 4042 porte
281 3985 303 4029 ct
327 3983 395 4040 juxta
411 3985 508 4040 pratum
533 3982 616 4030 Folisii
637 3981 694 4029 dicti
709 3980 782 4028 Molot
803 3993 833 4026 cn
864 3980 941 4026 altera
969 3978 1101 4025 solvendos
1115 3978 1143 4023 in
1160 3977 1216 4022 festo

192 4071 393 4120 Sancti-Martini
407 4071 536 4131 hyemalis.
