2790 4792
588 445 786 522 -289-

168 591 287 662 bentes
314 614 500 678 assensum,
524 594 692 682 adjunctis
711 595 883 663 nobiscum
903 590 1151 663 venerabilibus
1172 599 1207 663 et

172 711 341 798 religiosis
361 713 538 797 personnis
557 711 598 777 ad
618 712 848 780 testimonium
868 714 1037 791 ueritatis,
1056 712 1209 779 venimus

172 827 215 892 ad
234 827 423 915 ecclesiam,
445 832 612 894 eteorum
633 828 787 894 omnibus
807 831 864 915 qui
888 829 1078 912 aderamus,
1108 848 1209 915 capsa

173 948 327 1011 reserata
334 949 369 1012 et
380 948 508 1030 aperta,
520 945 555 1009 in
569 964 634 1031 qua
643 949 794 1012 sanctum
809 965 930 1032 corpus
943 944 1026 1011 illud
1040 945 1210 1031 quiescere

175 1059 387 1139 credebatur,
409 1060 598 1127 invenimus
614 1064 649 1127 et
663 1059 820 1140 vidimus,
838 1063 905 1128 Deo
921 1062 1064 1150 gratias,
1082 1061 1215 1147 precio-

177 1198 250 1244 sum
270 1178 482 1259 thesaurum,
504 1175 691 1246 beatissimi
710 1178 913 1245 contessoris
933 1180 1019 1265 Lupi
1042 1179 1211 1265 integrum

177 1314 298 1382 corpus
313 1315 388 1361 eum
404 1296 525 1382 capite,
548 1300 582 1363 et
601 1294 789 1361 admirabili
807 1294 929 1382 gaudio
946 1294 1151 1384 jocunditati
1166 1295 1215 1360 sic

177 1412 211 1475 In
230 1430 312 1497 pace
338 1409 565 1476 discessimus.
593 1410 812 1479 Postmodum
837 1413 963 1488 autem,
988 1408 1122 1476 evoluto
1148 1408 1213 1475 ali-

178 1511 308 1613 quanto
322 1531 485 1613 tempore,
503 1526 661 1594 defuncto
678 1526 793 1594 eodem
819 1525 940 1597 abbate
960 1524 1117 1604 Girardo,
1136 1545 1213 1591 suc-

179 1644 282 1711 cessit
311 1644 342 1709 ei
361 1643 396 1708 in
427 1645 590 1729 regimine
614 1642 696 1721 Odo,
717 1643 767 1710 vir
781 1640 985 1710 venerabilis
1003 1640 1151 1729 prudens
1180 1645 1215 1708 et

179 1761 342 1826 honestus
358 1760 426 1846 qui,
454 1779 515 1846 pro
537 1760 729 1827 reverentia
749 1759 924 1826 ethonore
944 1758 1055 1825 saneti
1080 1758 1216 1844 patroni

181 1878 245 1955 sui,
267 1877 364 1962 Lupi,
386 1877 469 1943 satis
490 1877 620 1942 curiose
635 1895 675 1942 ao
694 1874 836 1942 sollicite
857 1872 1025 1958 laborans,
1049 1872 1217 1941 ad'domi-

181 2011 260 2056 num
283 1988 483 2069 Adrianum,
497 2011 634 2078 papam,
653 1996 823 2078 quartum,
841 1992 1029 2073 festinavit,
1048 1996 1119 2060 eta
1139 1989 1217 2056 sede

181 2095 366 2192 apostolica
384 2104 507 2173 detulit
533 2106 574 2173 ad
595 2127 657 2174 nos
674 2107 809 2175 litteras
825 2128 900 2173 eum
925 2107 1086 2175 mandato
1103 2109 1217 2194 quati-

184 2243 259 2300 nus,
271 2225 434 2308 temporis
449 2225 703 2310 opportunitate
714 2229 861 2312 captata,
874 2228 1061 2312 preciosum
1076 2227 1216 2294 thesau-

184 2359 270 2421 rum,
289 2339 346 2424 qui
370 2359 390 2405 a
410 2338 506 2404 nobis
528 2344 682 2426 repertus
702 2338 831 2422 fuerat,
858 2340 1072 2409 ostendemus
1095 2339 1216 2427 populo

184 2455 255 2520 Dei.
269 2455 379 2540 Igitur
393 2459 427 2522 et
437 2475 498 2541 pro
508 2455 660 2542 jubentis
669 2455 795 2522 domini
808 2456 967 2524 mandato
982 2462 1016 2524 et
1026 2476 1087 2544 pro
1099 2476 1217 2523 neces-

185 2571 276 2636 saria
287 2572 419 2637 ratione
429 2592 492 2657 que
502 2573 640 2659 negocio
650 2577 838 2659 competere
852 2570 1041 2652 uidebatur,
1060 2571 1218 2640 videlicet

183 2708 243 2774 pro
270 2687 473 2754 removenda
497 2688 720 2775 ambiguitate
748 2693 783 2756 et
806 2691 1042 2772 contentione,
1067 2688 1216 2755 adunato

181 2804 269 2870 clero
287 2809 321 2871 et
332 2803 452 2891 populo
470 2806 603 2891 copioso
617 2806 652 2870 in
667 2804 810 2871 ecclesia
826 2804 1217 2872 Sancte-Columbe-Ma·

179 2923 268 3008 joris
289 2920 476 2989 forinsecus
491 2931 589 2988 extra
604 2917 765 2989 ambitum
781 2922 845 2988 loci
858 2924 893 2988 in
906 2922 978 2989 loco
994 2923 1145 3009 spacioso
1161 2923 1217 3008 qui

185 3059 305 3126 capere
319 3043 433 3125 posset
451 3038 780 3118 multitudinem,riii
793 3038 956 3104 kalendas
967 3039 1054 3126 julii,
1065 3038 1218 3124 quamvis

185 3154 328 3242 indigni,
338 3154 545 3221 ostendimus
556 3154 669 3241 palam
685 3158 786 3240 caput
803 3159 837 3222 et
851 3174 930 3220 ossa
939 3154 1082 3240 preciosi
1091 3151 1219 3219 confes·

182 3273 282 3350 soris,
297 3250 465 3358 adjunctis
476 3269 650 3335 nobiscum
657 3269 906 3336 venerabilibus
915 3269 1079 3337 fratribus
1092 3268 1218 3336 nostris

180 3388 352 3464 Manasse,
368 3386 616 3463 Aurelianensi,
635 3390 670 3453 et
682 3385 803 3461 Alano,
825 3385 1115 3452 Autissiodorensi
1127 3385 1219 3471 epis·

183 3505 288 3591 copis,
304 3522 443 3590 quorum
460 3502 582 3589 sigillis
595 3501 636 3567 ab
648 3504 894 3586 utraqueparte
904 3498 1020 3566 subter
1036 3497 1221 3584 dependen-

183 3619 413 3698 tibus,nostro
425 3620 460 3685 in
468 3618 613 3684 medium
628 3617 789 3684 collocato
801 3616 952 3703 presenti
963 3616 1158 3703 quopagina
1169 3614 1218 3679 rei

182 3736 375 3815 veritatem,
396 3755 438 3801 ne
459 3735 672 3821 aliquatenus
700 3754 721 3799 a
743 3732 905 3799 memoria
919 3731 1101 3809 laberetur,
1118 3730 1219 3797 robo-

185 3853 257 3919 rari
272 3851 411 3931 fecimus
426 3872 466 3918 ac
480 3851 616 3917 muniri.
628 3849 751 3927 Actum
768 3854 822 3917 est
834 3869 923 3915 anno
934 3846 1098 3914 dominice
1112 3849 1219 3913 incar·

185 3970 337 4036 nationis
354 3969 404 4035 Μ’
427 3967 467 4035 0⁰
482 3968 570 4047 LX0,
589 3965 805 4054 pontificatus
831 3970 943 4033 autem
962 3964 1072 4031 nostri
1086 3963 1216 4032 XVIII.

616 4162 784 4180 μ

1026 4213 1068 4281 19
