2790 4792
604 463 803 530 ...287-

181 632 278 699 corps
294 611 384 678 saint
398 614 432 677 et
446 610 541 695 prins
555 612 634 675 tous
649 609 698 675 les
713 628 853 696 ymages
871 607 1026 694 d’argent
1042 612 1076 674 et
1093 606 1221 673 nultres

180 727 321 792 chouses
338 725 420 792 dont
440 724 542 792 estoit
559 730 736 791 convertes
752 723 819 789 lad.
836 723 969 802 chasse,
986 726 1141 789 montant
1153 721 1218 787 led.

180 846 304 928 argent
325 841 366 907 de
385 841 471 907 xxiii
495 844 515 906 a
533 841 633 906 xxiiii
651 860 762 907 mares
780 839 936 926 d’argeut
951 858 994 904 ou
1009 839 1161 904 environ.
1179 837 1222 904 Et

178 977 263 1046 pour
283 978 332 1037 ce,
361 961 381 1023 a
408 957 588 1024 l'oueasinn
611 957 688 1023 dud.
708 977 777 1035 cas,
802 957 889 1022 ainsi
915 955 1053 1023 commis
1073 974 1135 1041 par
1151 952 1217 1020 led.

179 1074 346 1153 Nobiron,
357 1078 392 1141 et
405 1079 520 1142 autres
535 1076 690 1140 enormes
699 1093 855 1141 excesses
866 1071 946 1141 dunt
959 1071 1087 1139 l'avous
1099 1071 1219 1138 trouve

176 1190 363 1276 coulpable‚
374 1210 458 1257 neus
471 1211 577 1259 avons
593 1189 811 1276 comdampne
827 1193 847 1255 a
864 1192 954 1255 mort
967 1187 1033 1254 led.
1051 1187 1214 1269 Nobiron,

177 1310 211 1372 et
226 1304 289 1373 fait
303 1306 426 1373 rendre
443 1311 477 1374 et
494 1309 656 1375 restituar
671 1305 818 1394 l’argeut
832 1304 915 1372 dont
937 1305 1041 1371 estoit
1058 1307 1216 1370 converte

176 1420 245 1487 lad.
268 1422 387 1488 chasse
413 1443 494 1490 avec
518 1423 566 1488 les
589 1422 801 1509 reliquiaires
824 1441 910 1509 pour
934 1420 969 1486 la
994 1438 1155 1506 repparer
1186 1422 1220 1487 et

176 1542 302 1604 mentre
317 1559 359 1604 en
373 1537 487 1605 l'estat
502 1538 622 1625 qu'elle
638 1540 741 1605 estoit
754 1537 956 1626 perderent,
973 1541 1008 1606 et
1024 1527 1220 1605 commende

179 1658 212 1720 et
234 1653 383 1720 ordouue
408 1675 470 1741 que
496 1654 537 1720 de
560 1654 705 1743 l'argent
727 1654 849 1741 duquel
867 1655 893 1720 il
909 1673 993 1720 aura
1012 1654 1083 1721 este
1102 1630 1223 1720 trouve

178 1769 258 1835 saisi
282 1775 316 1837 et
338 1790 400 1857 par
418 1769 466 1835 lni
486 1770 614 1836 descire
639 1776 674 1837 et
696 1772 770 1838 oste
794 1768 835 1836 de
860 1768 928 1836 lad.
955 1768 1088 1847 chasse,
1110 1768 1223 1834 ieeulx

177 1884 343 1970 religieux
366 1891 401 1953 et
419 1906 620 1973 procureurs
636 1883 830 1954 refferoient
845 1886 980 1954 convrir
996 1884 1219 1952 convenable-

176 2006 270 2068 ment
292 2001 359 2068 lad.
377 2001 508 2081 chasse,
534 2004 622 2069 ainsi
644 2002 764 2089 qu'elle
787 2004 889 2070 esteit
908 2003 948 2069 de
970 2007 1147 2091 pararant.
1171 2002 1217 2067 De

176 2123 288 2185 tontes
312 2119 489 2205 lesquelles
508 2119 628 2185 choses
647 2120 758 2186 iceulx
774 2119 953 2206 religieulx
968 2123 1002 2186 et
1017 2138 1217 2207 procureurs

176 2253 260 2299 nous
285 2238 345 2301 ont
368 2237 481 2321 requis
502 2240 536 2302 et
558 2234 720 2303 demande
739 2257 795 2303 ees
814 2240 989 2324 presentes
1009 2237 1131 2304 leutres
1147 2255 1217 2302 cer·

173 2349 382 2418 tiffieatoires
398 2350 443 2416 du
459 2372 516 2418 cas
537 2351 705 2432 dessusd„
724 2374 809 2441 pour
827 2354 901 2419 leur
914 2353 1024 2419 valoir
1047 2357 1082 2419 et
1109 2353 1218 2419 servir

174 2488 216 2534 en
229 2473 339 2555 temps
354 2473 390 2535 et
403 2469 470 2535 lieu
484 2474 519 2537 et
534 2474 639 2557 quant
655 2471 793 2538 mestier
815 2490 903 2537 sera.
923 2468 1117 2556 Lesquelles
1131 2487 1216 2534 nous
1292 2562 1298 2571 ,

174 2585 248 2650 leur
262 2605 367 2652 avons
382 2586 521 2653 uctroie.
540 2586 591 2652 En
611 2588 797 2675 tesmoings
816 2586 857 2652 de
879 2606 928 2666 ee,
946 2606 1031 2652 nous
1051 2603 1156 2652 aruns
1175 2604 1218 2668 cy

173 2700 238 2764 mis
258 2704 373 2766 nostre
393 2701 486 2786 seign
508 2700 643 2766 manuel
663 2706 699 2769 et
719 2699 784 2768 fait
803 2705 928 2768 mentre
948 2705 983 2768 et
1003 2702 1217 2788 appnuser,a

172 2812 248 2899 plus
266 2818 369 2900 grant
387 2813 634 2893 confirmation,
657 2815 690 2883 le
710 2817 778 2882 seel
797 2814 921 2883 establi
943 2821 979 2882 es
1001 2821 1153 2883 contrata
1174 2835 1216 2880 en

172 2928 206 2994 la
225 2929 301 2996 ville
318 2935 353 2997 et
368 2930 589 2998 chastellenie
603 2937 639 2999 et
654 2933 845 3020 seigneurie
863 2932 942 2999 dud.
960 2934 1028 3000 lieu
1043 2932 1084 2998 de
1099 2930 1219 2997 Thale·

173 3045 286 3124 mund,
299 3046 330 3111 le
347 3046 525 3114 huitiesme
534 3047 615 3134 jour
626 3046 705 3114 dud.
720 3049 806 3115 mois
821 3046 862 3114 de
875 3068 966 3134 may,
980 3046 1047 3114 l'an
1061 3044 1216 3126 dessusd,

172 3161 231 3226 mil
248 3182 327 3228 cecc
346 3168 524 3249 quarente.

218 3328 333 3395 lunen
356 3328 527 3407 Mncnms,
554 3329 730 3397 seneschal
751 3328 905 3399 dessnsd.

218 3487 287 3553 Per
302 3485 590 3555 commendement
614 3489 655 3556 de
674 3491 789 3558 mund.
809 3494 966 3579 seigneur
979 3490 1010 3558 le
1025 3490 1214 3570 se'nesehal,

911 3678 1080 3744 Pnscnnn.
