2790 4792
656 416 857 487 436-

239 568 361 632 uentus
373 562 461 650 apud
481 562 617 628 Montes
627 562 663 627 in
677 560 800 626 Villari
819 561 876 645 qui
890 559 1017 626 dicitur
1038 579 1083 624 au
1096 559 1210 624 Viller
1223 558 1278 623 vel

240 679 282 745 de
292 680 430 756 villers,
444 699 505 765 pro
516 678 749 744 anniversario
759 674 896 742 Girardi
909 674 950 740 de
959 675 1126 752 Plasseto,
1140 674 1275 750 militis,

240 795 327 882 quod
345 795 385 862 fit
409 797 447 860 iu
467 795 643 871 Jauuario,
661 812 763 858 uuam
790 797 976 859 costumam
990 790 1150 858 videlieet
1173 811 1278 856 uuam

239 913 366 977 minam
386 930 492 976 avene
513 909 556 976 atl
574 929 733 997 maguam
746 928 951 985 mensumn,
975 928 1077 972 uuam
1097 907 1278 994 gallinam,

239 1027 325 1093 duos
338 1046 443 1113 panes
456 1026 569 1092 foaues
580 1032 615 1092 et
635 1027 647 1090 i
667 1025 701 1091 d.
717 1045 851 1101 census,
872 1044 973 1110 super
986 1043 1158 1089 masuram
1176 1026 1281 1091 sitam

240 1146 330 1209 iuter
353 1141 487 1209 domum
511 1140 667 1206 Balduiui
698 1139 869 1205 Hodierna
896 1146 932 1206 et
955 1139 1089 1204 domum
1118 1139 1282 1205 Balduiui

240 1259 436 1346 Beraugier.

283 1375 390 1461 Super
403 1372 537 1439 domum
551 1393 615 1459 que
630 1374 698 1440 sita
711 1377 765 1440 est
780 1377 860 1440 ante
872 1377 1009 1459 puteum
1021 1373 1134 1460 platee
1148 1373 1284 1441 Sancti·

240 1491 348 1566 Petri,
368 1489 471 1556 habet
489 1494 687 1568 conventus,
704 1489 769 1556 hat
780 1489 847 1568 die,
863 1489 900 1554 xl
915 1511 943 1554 s.
958 1511 992 1576 p.
1008 1491 1053 1555 ud
1070 1493 1201 1574 sestam
1220 1491 1284 1556 Jo-

239 1608 367 1671 lttmm't
384 1606 516 1671 Butiste.

270 1732 354 1779 Petrus
369 1729 504 1778 avunculi.

268 1823 399 1868 sulianum
407 1823 439 1866 de
454 1821 580 1867 timiam
590 1825 664 1866 tenet.

269 1913 561 1968 uoncmmaturue.

283 2009 389 2094 Super
406 2008 540 2074 domum
558 2007 723 2094 lapideam
736 2007 779 2074 ad
790 2015 922 2096 portam
939 2009 1200 2076 Sancti-Leonis
1220 2009 1288 2076 ha·

239 2124 296 2191 bet
316 2128 514 2202 conventus,
533 2123 598 2191 hac
613 2124 667 2189 die
678 2145 750 2190 xxx
764 2146 792 2191 s.
812 2132 839 2192 t.

270 2240 370 2287 Coletuu
384 2239 487 2287 Filloue.

284 2331 389 2416 Super
407 2334 478 2395 tres
495 2349 647 2395 cameras
657 2336 693 2397 et
703 2351 805 2396 unam
819 2332 991 2397 minimam
1007 2330 1111 2399 habet
1131 2351 1287 2398 conven-

238 2449 308 2521 tus,
327 2443 390 2510 hac
402 2443 468 2522 die,
487 2452 641 2530 quartam
657 2451 788 2531 partem
801 2446 1042 2532 loquutionum.

284 2560 392 2644 Super
405 2562 543 2626 domum
555 2563 595 2627 de
608 2562 791 2639 Murelello,
806 2568 847 2627 itt
859 2568 917 2628 via
931 2583 998 2645 qua
1012 2567 1085 2628 itur
1099 2564 1146 2627 ad
1166 2565 1287 2630 Treoas

237 2695 286 2739 aa
299 2696 326 2740 s.
344 2695 420 2759 par.
437 2677 611 2760 trefflortus
624 2678 731 2762 Malay
746 2678 791 2743 ud
802 2677 1016 2743 Nativitatem
1030 2687 1063 2742 et
1076 2698 1124 2741 ua
1141 2698 1169 2744 s,
1186 2700 1226 2762 p.
1242 2681 1287 2744 ad

238 2793 361 2874 festum
377 2791 831 2859 &teudolenum-Battum.

279 2907 388 2991 Stupet
411 2909 550 2972 domum
571 2914 609 2974 tn
635 2915 707 2975 vito
733 2910 1206 2977 Malieon-Sanett-Jotannts
1229 2917 1287 2976 uit

242 3044 270 3088 u.
287 3044 324 3108 p.

273 3150 429 3195 Theobatdue
444 3151 579 3196 Maserius.

271 3241 363 3286 Perrin
372 3239 489 3286 d'Arbuie
502 3244 576 3286 tenet.
587 3241 628 3286 Ad
639 3242 711 3287 Noel.

281 3340 335 3404 27.
351 3375 395 3384 -
411 3339 458 3403 Vl
473 3339 550 3405 Kal.
564 3377 607 3386 —
619 3340 637 3403 J
640 3341 783 3406 ohannis
799 3342 952 3427 apostoli.
974 3340 1033 3407 Ob.

284 3454 339 3519 28.
353 3489 397 3504 ·-
410 3455 439 3520 V
455 3455 531 3521 Kal.
554 3490 597 3506 -
611 3456 809 3524 Sanctorum
825 3458 1069 3524 Innocentium.
1083 3456 1146 3523 Ob.

284 3569 338 3635 29.
356 3571 478 3636 -IIII
493 3572 568 3636 Kal.
591 3608 635 3622 -
651 3572 788 3650 Thome,
811 3575 954 3660 episcopi
974 3577 1008 3640 et
1026 3573 1204 3658 martyris.
1222 3573 1284 3640 Ob.

285 3686 339 3751 30.
356 3723 399 3734 —
412 3689 462 3752 111
478 3689 555 3754 Kal.
574 3687 725 3756 -Obiit
755 3690 865 3777 Hugo,
888 3692 981 3777 prior
1003 3689 1043 3754 de
1065 3688 1285 3770 AndrisiacO,

239 3819 300 3885 pro
318 3821 383 3886 quo
401 3807 435 3868 et
456 3823 516 3888 pro
545 3804 741 3889 parentibus
766 3806 848 3882 suis,
875 3806 972 3874 debet
997 3805 1152 3872 dominus
1179 3808 1290 3876 abbas

240 3922 421 3987 conventui
435 3922 576 4009 singulis
593 3923 722 4001 diebus,
746 3925 894 4011 exceptis
916 3924 984 3990 illis
999 3925 1168 4012 inquibus
1185 3927 1286 3998 debet

241 4037 451 4124 pittanciam
474 4040 534 4109 viii
549 4039 581 4110 d.
596 4061 671 4130 par.
687 4060 761 4112 cum
773 4041 850 4111 aliis
864 4044 1008 4130 quatuor
1024 4041 1057 4110 d.
1075 4044 1132 4131 qui
1144 4043 1285 4115 fuerunt
