2790 4792
676 412 713 461 IX

216 537 272 604 Au
286 537 332 605 27
344 539 435 625 juin,
451 544 505 605 cet
518 537 610 605 Ordo
623 538 815 604 missurum
834 537 981 621 proserit
999 556 1068 604 aux
1082 537 1215 605 moines

173 653 221 719 du
245 661 395 722 convent
423 655 465 721 de
490 654 725 722 Saint-Pierre
750 653 793 720 de
813 654 967 738 obanter,
994 674 1082 740 pour
1104 654 1215 722 sainte

173 769 440 855 Theodechilde‚
454 771 505 847 ,11
530 771 699 857 premiere
727 770 892 837 antienne
921 770 982 838 des
1013 773 1134 856 vepres
1155 769 1216 837 des

175 894 297 968 moris,
316 887 479 970 Plancio,
496 893 531 954 et
542 884 731 979 i’antienne
748 886 795 953 du
810 887 960 971 premier
974 893 1142 955 nocturne
1155 887 1216 956 des

176 1003 326 1068 matines
358 1003 418 1070 des
448 1009 569 1087 morts,
594 1004 732 1087 Dirige.
763 1002 817 1069 Au
838 1001 1036 1069 lendemain
1060 1003 1116 1086 28,
1135 1008 1218 1090 jour

175 1119 411 1186 anniversaire
432 1119 474 1186 de
494 1116 738 1186 l’inhumation
760 1119 801 1184 de
826 1119 859 1184 la
881 1119 1003 1202 sainte,
1027 1118 1051 1184 il
1072 1120 1218 1203 prescrit

177 1256 301 1302 encore
322 1257 410 1323 pour
435 1238 499 1304 elle
526 1258 595 1305 une
623 1257 735 1304 messe
763 1236 951 1304 solennelle
972 1235 1013 1303 de
1031 1237 1214 1322 Requiem,

175 1352 236 1437 qui
260 1351 333 1417 doit
350 1355 421 1418 etre
448 1351 592 1419 chantee
607 1373 652 1419 au
669 1351 904 1418 maltro-autel
920 1348 976 1441 (1).
998 1351 1051 1416 Au
1069 1350 1219 1436 premier

176 1465 287 1532 abord
302 1486 347 1532 on
363 1473 415 1533 est
428 1466 561 1552 surpris
575 1467 617 1535 de
631 1468 705 1535 voir
717 1468 768 1534 les
781 1467 915 1534 moines
929 1467 1080 1534 celebrer
1094 1464 1218 1534 l’offlce

177 1581 241 1647 des
262 1591 370 1649 morts
394 1604 482 1669 pour
512 1583 764 1652 Theodeohilde
787 1604 854 1672 que
874 1604 943 1651 non
970 1584 1163 1651 seulement
1187 1584 1219 1651 le

177 1698 335 1766 Libellus
362 1720 469 1785 super
496 1702 659 1788 reliquiis
679 1698 743 1790 (2),
772 1701 861 1768 mais
888 1721 1010 1769 encore
1036 1721 1073 1768 ce
1107 1703 1219 1768 meme

210 1901 244 1967 (1)
261 1905 293 1952 Le
309 1907 468 1953 ceremonial
486 1908 517 1952 de
533 1906 826 1966 Sciat-Pierre-ie-Vif,
848 1907 984 1954 manuscrit
1003 1906 1038 1954 du
1058 1912 1116 1954 1111·
1135 1904 1217 1962 siecle,

179 1995 306 2048 conserve.
324 2006 383 2041 sous
393 1994 417 2041 le
430 2001 457 2041 n⁰
470 1996 508 2054 23,
531 1993 595 2042 dans
608 1994 633 2042 11
646 1993 818 2054 bibliotheque
832 1994 863 2042 de
875 1975 945 2055 Sene,
954 1998 1023 2042 entre
1038 1994 1101 2041 dans
1118 1994 1175 2054 plus
1189 1993 1219 2041 de

178 2067 275 2132 details.
295 2086 363 2132 Voici
382 2086 405 2132 le
425 2098 526 2147 passage
543 2100 591 2147 que
611 2099 676 2134 nous
697 2086 820 2146 ylisons,
833 2098 896 2147 pege
917 2089 962 2134 137
985 2088 1073 2134 :item
1086 2087 1114 2132 in
1132 2086 1219 2144 cipitia

179 2174 251 2220 Beati
264 2176 342 2232 Petri,
354 2177 426 2222 debet
441 2189 495 2223 esse
511 2179 590 2224 missa
605 2180 673 2223 beate
683 2177 772 2237 Marie,
784 2181 807 2223 et
819 2177 894 2234 prior
904 2178 976 2223 debet
991 2177 1098 2223 missam
1113 2175 1221 2223 matuti-

179 2265 267 2310 nalem
278 2277 328 2321 pro
342 2266 518 2312 anniuersario
531 2268 599 2313 beate
614 2267 766 2325 Tbeebildis,
785 2271 810 2312 et
824 2267 895 2312 debet
903 2267 977 2323 prior
991 2270 1094 2312 eantare
1107 2265 1222 2322 cipiliam

181 2357 206 2398 ct
223 2354 354 2400 incensare
364 2355 392 2400 in
405 2355 534 2402 Laudibus
547 2357 632 2414 maius
644 2350 724 2402 altare
739 2332 935 2416 et'matutinale,
948 2344 1223 2415 aspernationem

181 2443 338 2503 Pompeiani,
354 2447 378 2488 ct
387 2448 454 2502 post,
464 2445 501 2491 ire
515 2446 542 2492 in
558 2447 666 2492 eborum
675 2445 790 2491 etdieere
803 2446 940 2493 orationes.
952 2447 986 2491 Et
1001 2446 1073 2491 debet
1081 2456 1134 2490 esse
1142 2444 1220 2501 iuve-

106 2537 114 2551 ·
181 2531 224 2576 nis
235 2531 262 2576 in
282 2532 361 2591 froco,
380 2533 550 2590 quiincensat
565 2534 598 2580 ad
618 2533 725 2589 Laudes,
746 2537 770 2578 et
791 2533 945 2579 admissam
965 2536 1102 2579 conventus
1121 2543 1175 2576 esse
1195 2530 1222 2575 in

182 2619 265 2675 capis.
278 2621 312 2666 Et
323 2621 393 2666 vadit
402 2608 477 2678 prior
494 2634 554 2668 cum
571 2623 698 2668 ministris
712 2626 736 2668 et
752 2635 820 2680 aqua
835 2621 964 2668 benedicta
975 2625 999 2667 et
1009 2632 1083 2667 eruce
1097 2624 1121 2666 et
1135 2619 1221 2665 tituri-

183 2709 242 2752 bulo
263 2711 400 2764 procedere
421 2711 454 2756 ad
475 2711 557 2757 locum
574 2710 618 2756 ubi
639 2711 707 2768 iacet
727 2711 799 2756 beata
824 2709 977 2768 Theebildis,
998 2710 1106 2755 dicendo
1127 2712 1223 2764 septem

180 2798 304 2852 psalmos.
319 2800 352 2845 Et
365 2804 503 2847 conventus
515 2803 629 2846 remanet
641 2801 669 2846 in
679 2802 756 2847 choro
768 2800 874 2846 dicendo
885 2803 981 2856 septem
993 2800 1116 2856 psalmos.
1128 2799 1223 2853 Quibus
1320 2784 1323 2791 ¹

183 2885 267 2946 dictis,
281 2887 356 2942 prior
370 2889 433 2934 dicit
447 2902 454 2934 :
472 2890 551 2936 Pater
564 2892 659 2935 noster.
678 2888 733 2944 Qua
744 2889 820 2950 dicta,
834 2889 882 2934 sub
893 2889 998 2934 silencio
1010 2888 1085 2946 prior
1096 2888 1157 2933 dicit
1170 2901 1177 2932 :
1191 2886 1224 2932 Et

182 2988 215 3021 ne
237 2989 289 3022 nos.
304 2974 325 3029 i
338 2978 360 3022 Α
377 2982 453 3034 porta
467 2978 559 3039 inferi;
578 2979 703 3025 Dominus
724 2978 873 3037 vobiscum5
898 2981 921 3023 et
942 2982 1010 3040 post,
1034 2979 1179 3035 orationes,-
1202 2981 1226 3022 el

181 3069 248 3124 post,
259 3067 389 3127 deseendit
398 3069 430 3113 de
444 3068 525 3124 capite
538 3071 563 3114 et
574 3073 685 3114 removet
698 3081 796 3128 capam,
808 3072 832 3114 et
853 3067 938 3113 induit
947 3069 1070 3114 casulam.
1092 3069 1125 3113 Et
1137 3066 1225 3123 incipi·

181 3160 225 3202 tur
237 3157 317 3203 missa
326 3159 495 3219 matutinalis,
507 3163 531 3206 et
543 3160 594 3205 duo
603 3157 689 3206 tene'nt
703 3162 819 3216 chorum,
832 3164 856 3205 et
869 3161 919 3205 duo
936 3164 1040 3206 cantant
1051 3158 1223 3220 responsoria,

184 3250 209 3291 et
223 3249 273 3291 tres
287 3251 391 3292 cantant
407 3250 525 3307 tractum,
538 3252 563 3294 et
580 3249 624 3294 hec
641 3250 728 3295 omnia
744 3249 809 3305 fiunt
822 3249 850 3294 in
866 3249 946 3305 capis.

214 3334 246 3380 Le
260 3334 345 3394 prieur
358 3336 386 3382 1).
400 3336 630 3395 Hugues·Methoud
644 3337 713 3385 avait
722 3337 768 3385 iait
783 3338 808 3385 11
818 3338 899 3385 meme
910 3337 1029 3385 reflexion
1046 3348 1180 3396 quonum,
1194 3348 1226 3384 en

182 3424 260 3472 lisant
274 3438 301 3472 ce
313 3439 417 3487 passage
429 3442 436 3484 3
448 3428 516 3475 aussi
526 3427 601 3475 a-t-il
615 3427 668 3488 pris
678 3428 703 3476 11
711 3428 784 3489 peine
797 3429 896 3477 d'ecrire
908 3429 970 3477 dans
981 3429 1007 3476 la
1015 3441 1099 3488 marge
1112 3428 1147 3476 du
1157 3425 1226 3475 Cere-

184 3515 278 3562 monial
290 3515 315 3563 11
326 3522 382 3565 note
397 3531 447 3577 que
456 3519 540 3566 roici:

215 3607 289 3653 Istud
305 3609 512 3656 anniuersarium
528 3610 556 3657 S.
572 3611 648 3658 Tecti.
664 3625 716 3658 non
733 3612 812 3669 officit
829 3611 891 3670 quin
904 3615 992 3658 sancta
1009 3613 1152 3667 putaretur,
1171 3619 1227 3665 qua

185 3710 243 3743 cere
263 3699 334 3743 beata
346 3699 397 3745 deis
423 3701 524 3760 dicitur,
545 3704 590 3748 sed
606 3703 754 3760 antiquitati
776 3704 913 3761 studentes,
936 3702 1019 3748 nostri
1036 3702 1227 3758 predecessores

184 3787 252 3832 nihil
261 3787 379 3834 innovari
393 3791 509 3837 volebant
516 3808 525 3851 ,·
541 3793 608 3838 sicut
618 3794 738 3839 monaehi
748 3793 829 3853 Bessi,
839 3805 906 3839 anno
920 3792 990 3849 1610,
1003 3791 1127 3838 eademde
1139 3793 1228 3835 sancto

184 3877 309 3922 Anselmo
330 3881 491 3935 peragebant.
509 3881 576 3927 Ante
597 3883 645 3928 300
665 3895 756 3941 annos,
774 3887 851 3939 caput
868 3884 961 3928 sanclae
985 3879 1112 3926 Teebildis
1129 3879 1227 3924 tecnam

184 3970 289 4021 arpento
302 3967 404 4022 publice
416 3968 442 4013 in
454 3970 530 4015 altari
542 3972 582 4018 bie
596 3972 779 4030 deponebatur.

217 4053 250 4114 (t)
265 4052 325 4102 Voir
335 4054 393 4112 plus
407 4054 468 4119 lein,
485 4070 559 4120 pagos
569 4060 594 4118 1,
609 4063 634 4120 7,
647 4063 676 4109 11)
688 4065 711 4107 et
724 4061 754 4108 70
771 4059 787 4107 1
803 4061 842 4107 16,
