2782 4786
211 563 306 609 Felisot
322 562 476 608 Bieuvilelns
492 563 509 607 ὶὶ
523 574 543 607 e.
554 575 614 618 pur.
624 585 655 598 -
665 563 794 610 lebannes
806 565 889 609 dictus
903 560 991 615 Boteso
1008 560 1026 604 ii
1038 569 1060 606 s.
1068 571 1127 616 per.

221 652 275 718 22.
295 688 337 700 -
349 653 383 718 X
395 651 471 717 Kal.
487 652 712 718 -Manrieii
723 649 817 717 Obiit
830 647 1014 735 Stephana,
1031 665 1119 712 uxor
1131 645 1220 712 Hen-

175 768 248 850 riei‚
273 767 404 844 milit'u,
419 785 481 852 pro
498 786 564 851 que
581 765 685 834 hebet
698 767 895 841 conventus,
918 781 1018 849 super
1032 766 1162 829 terram
1176 780 1218 825 au

175 900 217 946 ru
238 880 358 959 Belim,
376 901 398 946 v
413 900 439 946 s.
461 884 487 947 t.
536 937 539 940 ,

206 994 306 1056 Popine.

205 1084 318 1131 Felleeue
327 1085 358 1131 de
367 1083 495 1142 Gbioinoo.
510 1107 542 1118 -
554 1084 687 1131 solennes
697 1083 807 1143 Morino,
822 1082 875 1130 cler
886 1083 917 1127 de
931 1090 992 1128 ouer
1006 1073 1051 1139 (¹l·

219 1173 305 1239 Item
319 1171 436 1239 eadem
455 1170 521 1251 die,
548 1171 705 1239 obierunt
727 1171 838 1259 Ilugo,
861 1169 1065 1257 prepositus,
1093 1172 1129 1242 et
1152 1168 1217 1232 Pe-

174 1287 325 1366 tronilla,
341 1306 429 1354 uxor
443 1287 530 1375 ejus,
543 1307 605 1374 pro
620 1286 739 1373 quibus
752 1279 855 1353 habet
867 1286 1053 1351 conventus
1065 1281 1215 1371 (domum

173 1405 214 1467 e'u
233 1406 306 1468 vioe
328 1401 436 1468 Furni
460 1400 702 1489 Seueri-Petri)
731 1401 768 1466 ix
793 1421 821 1467 s.
841 1421 888 1486 p.,
911 1399 947 1484 vi
961 1397 994 1464 d.
1014 1397 1209 1474 elemosina,

172 1516 206 1580 vi
227 1515 262 1582 d.
288 1516 494 1602 pulsatores.

184 1618 187 1626 ’
202 1626 498 1695 οᾁἰηιιε,ᾳιιαᾱιίςαι·ἰιιε,
510 1641 526 1675 x
537 1641 560 1675 s.
573 1642 601 1688 p.
614 1640 688 1688 super
702 1589 773 1675 lotum
787 1625 888 1674 domum
902 1623 970 1674 lurni
988 1625 1015 1672 in
1028 1626 1108 1684 burgo
1119 1624 1215 1672 Sancti·

171 1714 247 1762 Petri.

106 1863 109 1869 ἱ
183 1845 187 1852 .
202 1802 295 1852 llelieio
305 1803 333 1852 p,
345 1804 533 1865 archiepiscopi,
550 1816 566 1849 v
577 1817 597 1853 s.
616 1805 646 1852 iii
660 1805 718 1853 d.-
729 1805 787 1853 Ths.
804 1803 934 1864 burgundi
948 1803 984 1850 vii
996 1814 1017 1854 s.
1035 1803 1065 1850 iii
1075 1803 1103 1855 d.
1117 1808 1135 1850 t.
1153 1795 1187 1864 (tl

81 1952 84 1956 .
181 1943 184 1975 2
216 1892 302 1963 Item
317 1890 432 1958 eudem
448 1890 515 1969 die,
530 1892 614 1960 obiit
628 1892 727 1980 Hugo
748 1890 789 1958 do
805 1892 948 1958 Viciniis
965 1940 972 1967 ,
991 1911 1053 1978 pro
1070 1910 1135 1978 quo
1153 1891 1214 1956 ha·

171 2006 228 2089 bet
248 2009 445 2088 conventus,
464 2026 563 2092 super
587 2009 720 2086 vineam
739 1989 779 2072 in
792 2005 1025 2085 Bello-Monte,
1045 2004 1094 2070 vii
1120 2024 1148 2069 s.
1171 2008 1213 2079 t.,

171 2123 205 2189 vi
227 2119 262 2186 d.
287 2121 482 2199 elemosina,
509 2123 544 2187 vi
570 2120 603 2186 d,
629 2121 834 2208 pulsatores,
861 2098 1009 2215 infesto
1038 2117 1214 2185 Omnium-

171 2235 371 2303 Sunotorum
391 2233 590 2313 reddendos,
619 2239 657 2301 ut
679 2236 714 2300 in
740 2235 865 2302 litteris
888 2234 981 2300 curie
1010 2211 1214 2299 Senoneusis

172 2351 380 2418 continetur.

200 2467 270 2535 Istud
286 2467 485 2516 anniversorlum
502 2469 658 2525 computetur
668 2465 695 2514 in
707 2464 847 2522 Novembri,
859 2463 919 2522 quia
935 2464 966 2510 ud
979 2463 1069 2512 festum
1079 2463 1213 2512 Omnium-

172 2557 316 2605 Senetorum
327 2557 438 2606 debetur.

202 2645 347 2692 Maioribus
363 2645 508 2701 rauserias.

95 2833 98 2839 Α
213 2734 316 2798 23.-
337 2734 387 2799 ΙΧ
402 2734 479 2799 Kal.
500 2768 544 2785 -
558 2733 649 2800 Obiit
676 2734 828 2799 Emeliua
852 2732 893 2798 de
914 2732 1132 2819 Servigniuoo
1152 2751 1213 2817 pro

170 2865 236 2932 qua
259 2844 361 2913 habet
389 2851 586 2924 conventus,
617 2867 716 2934 snper
751 2847 959 2932 quarterium
983 2847 1084 2912 vinee
1110 2847 1214 2932 juxta

170 2959 345 3028 Correiam
361 2978 443 3046 erga
459 2980 555 3026 ruam
567 2980 702 3038 novam,
722 2962 759 3026 iii
776 2981 804 3027 s.
821 2980 894 3047 par.
934 2988 937 2995 ·

203 3075 294 3123 llelietu
304 3072 472 3122 defunctibde
486 3074 579 3122 Piet-
590 3076 694 3122 Iollmns
710 3076 835 3123 Mouriaus
851 3076 870 3122 ii
885 3087 905 3121 s.
914 3087 979 3134 p.-
988 3074 1097 3121 Thomas
1112 3075 1214 3120 Plumet

173 3165 209 3211 xii
225 3166 251 3213 d.
267 3176 295 3220 p.
732 3203 735 3213 ,
924 3149 926 3155 ⁴
1077 3140 1080 3148 ⁴

215 3254 312 3330 Item,
332 3251 415 3320 obiit
433 3251 644 3331 Guillelmus,
656 3252 835 3339 presbiter,
847 3271 908 3339 pro
922 3271 987 3338 quo
1007 3250 1110 3318 habet
1128 3270 1213 3318 eou-

171 3371 304 3445 reutuS,
324 3388 424 3455 super
439 3389 606 3435 eameram
627 3371 726 3456 juxta
743 3368 878 3434 domum
893 3369 1026 3446 Pinum,
1049 3369 1097 3434 xil
1119 3367 1154 3435 d.

200 3479 354 3528 'laurencius
365 3481 383 3527 li
397 3482 514 3531 Boitieus.
524 3505 556 3519 -
572 3485 724 3541 Guilelmus,
738 3485 756 3530 li
773 3485 900 3542 tenebere,
912 3488 991 3530 tenet.

214 3570 271 3634 24.
290 3606 334 3618 -
349 3570 434 3636 VIII
451 3571 581 3636 Kal-
593 3570 755 3639 Obierunt
775 3572 960 3639 Garnerius
975 3572 1161 3658 Rossignos
1179 3575 1213 3635 et

167 3683 320 3761 Thiecia,
348 3684 420 3770 ejus
435 3704 532 3764 uxor,
558 3705 619 3771 pro
645 3687 891 3772 quibusbabet
914 3691 1098 3754 conventus
1117 3684 1205 3770 apud

202 3855 236 3917 (i)
251 3856 283 3902 Ge
295 3857 393 3904 dernier
405 3870 466 3904 nom
481 3870 592 3917 mnnque
608 3861 671 3908 dens
684 3860 708 3906 le
718 3861 752 3908 lls
769 3863 806 3907 55.

202 3941 237 4004 (ἓ)
249 3942 314 3990 (lette
333 3945 414 4004 ligne,
429 3948 520 4005 gratioe
537 3948 599 3995 dens
621 3949 643 3995 lo
661 3951 695 3995 lls
716 3951 758 4002 55,
778 3950 846 3996 aete
862 3949 997 4009 remplnoee
1020 3948 1142 4009 porcello
1166 3948 1214 4008 qui

171 4030 284 4090 precede.
329 4047 339 4053 -
1052 4028 1074 4047 ”’
