2790 4792
584 368 762 438 —57-

146 529 229 575 cum
251 508 347 574 beato
361 509 566 574 Potenciano
582 514 616 575 et
631 512 748 575 sancto
763 508 879 574 Altino
894 508 1096 592 martyrium
1112 524 1195 570 con-

149 625 348 689 summavit.
371 621 499 709 Corpus
512 623 617 708 ipsius
638 643 711 689 cum
738 624 815 688 aliis
840 622 1190 698 sanctisSavinian0,

145 738 360 804 Potenciano
373 742 407 803 et
419 738 535 804 Altino
549 739 584 801 in
600 743 753 804 nostrum
764 738 1006 804 monasterium
1020 743 1073 802 est
1085 739 1197 801 trans·

153 853 282 918 latum.

220 1096 264 1144 DE
281 1093 434 1143 CORPORE
448 1093 567 1142 sencnl
583 1093 740 1175 sunonlrvl
759 1092 932 1139 MARTYRIS
948 1092 992 1139 ΕΤ
1008 1091 1131 1138 LEVITE

196 1301 340 1368 Sanctus
355 1301 483 1367 Christi
503 1303 636 1383 martyr
650 1301 685 1364 et
698 1298 801 1365 levita
816 1297 992 1364 Serotinus
1011 1297 1099 1382 apud
1113 1299 1197 1362 Tre-

149 1437 211 1484 cas
236 1438 309 1483 cum
327 1415 424 1482 beato
449 1415 657 1480 Potenciano
680 1412 877 1498 predicavit.
903 1412 1028 1478 Deinde
1056 1413 1197 1479 Senonis

150 1551 325 1607 reversus,
352 1533 386 1595 in
406 1529 618 1595 confessione
641 1549 720 1594 vere
745 1527 823 1594 fidei
844 1532 879 1593 et
904 1531 1023 1594 sancta
1045 1526 1199 1614 predica·
1287 1562 1293 1572 .
1348 1615 1355 1627 υ

150 1648 248 1712 tione
267 1664 501 1731 perseverane,
521 1626 918 1728 sanctorummartyrum
936 1642 1089 1728 sepulcra
1108 1642 1200 1708 Savi·
1269 1716 1272 1721 ¹

152 1760 249 1826 niani
266 1759 435 1837 videlicet,
447 1759 616 1825 Victorini
634 1763 669 1825 et
690 1758 862 1843 cujusdam
885 1759 1017 1844 parvuli
1040 1755 1246 1843 frequen-10

150 1874 261 1942 tabat.
279 1874 371 1939 Tunc
386 1872 454 1938 dux
469 1874 619 1940 civitatis
633 1873 726 1938 misit
739 1871 926 1949 carnifices,
943 1874 1072 1940 occulte
1084 1876 1198 1938 tamen

152 1992 292 2074 propter
309 1991 434 2054 metum
456 2008 577 2074 magne
593 1987 832 2073 generositatis
848 2007 920 2065 sue,
943 1986 1098 2072 aquibus
1118 2006 1199 2073 gra-

87 2181 89 2185 ·
152 2103 292 2168 vissime
323 2101 513 2169 trucidatus
550 2102 752 2186 martyrium
783 2103 1038 2168 consummavit.
1074 2103 1199 2169 Beatus

152 2235 236 2283 vero
256 2217 482 2283 Potencianus
506 2197 540 2280 in
570 2215 686 2292 eodem
714 2215 880 2282 cimiterio
902 2217 1065 2302 sepelivit.
1092 2217 1199 2302 Super

153 2350 277 2416 corpus
289 2332 395 2416 ipsius
410 2327 569 2416 parentes
584 2331 656 2416 ejus
675 2335 709 2397 et
731 2331 910 2416 propinqui
925 2332 1047 2397 turrim
1060 2330 1197 2398 edifica-

153 2448 291 2510 verunt.
314 2443 377 2526 Sed
392 2449 470 2530 post
490 2466 510 2511 a
530 2446 672 2531 paganis
688 2450 723 2512 et
737 2445 918 2510 Wandalis
938 2450 990 2511 est
1011 2445 1197 2512 destructa.

154 2559 200 2625 Et
220 2557 295 2624 ideo
309 2558 490 2641 multorum
517 2578 682 2624 annorum
702 2559 878 2623 curriculis
902 2560 974 2644 jam
1001 2561 1195 2637 transactis,

154 2692 278 2759 corpus
293 2673 398 2760 ipsius
419 2673 486 2738 Vll
501 2673 665 2738 kalendas
690 2674 807 2758 aprilis
838 2672 903 2740 fuit
934 2674 1140 2740 translatum
1161 2677 1197 2740 in

152 2787 398 2882 mon-asterium
419 2786 535 2852 Sancti
557 2764 663 2863 Petri,
685 2792 719 2853 et
739 2786 798 2851 sub
814 2772 964 2871 quodam*
985 2788 1086 2871 altari
1103 2790 1198 2874 posi-

156 2914 232 2976 tum
247 2910 283 2973 in
294 2909 422 2975 honore
439 2910 546 2996 ipsius
561 2908 595 2976 et
612 2912 721 2977 sancti
735 2911 886 2976 Vicencii
900 2911 1054 2980 dedicato
1072 2913 1130 2998 (l).
1151 2914 1198 2978 De
1209 2921 1246 2982 20

154 3024 311 3108 reliquiis
322 3026 427 3111 ipsius
437 3029 535 3091 extra
542 3025 707 3091 tumulum
722 3025 895 3104 habemus
907 3044 989 3110 quas
1005 3029 1040 3091 in
1056 3031 1197 3113 argento

155 3138 318 3204 decenter
335 3140 463 3224 positas
478 3158 728 3205 conservamus,
1103 3136 1107 3144 ’

213 3378 258 3425 nn
280 3377 407 3428 snrvcno
426 3379 621 3437 vicvonnvo,
647 3378 789 3428 nosrirn
812 3379 932 3428 smvcri
955 3379 1140 3438 savirvmru,

560 3497 604 3560 nr
628 3496 672 3544 nn
696 3496 785 3542 nino

200 3705 345 3771 Sanctus
365 3710 498 3792 martyr
511 3706 639 3774 Christi
657 3708 866 3786 Victorinus,
888 3710 1009 3794 hospes
1024 3710 1113 3776 beati
1130 3709 1194 3775 Sa-

184 3891 224 3954 (l)
238 3892 271 3938 io
281 3892 418 3939 manuscrit
436 3895 504 3952 porte
520 3895 681 3956 dedicatum,¹
694 3897 757 3943 mais
769 3895 793 3942 la
805 3895 939 3942 correction
952 3909 983 3942 en
998 3898 1111 3946 dedicato
1129 3911 1144 3945 a
1163 3899 1200 3946 ott

151 3983 217 4032 taire
231 3981 275 4028 des
291 3981 314 4027 le
325 3988 381 4028 x111·
393 3979 467 4028 si'oclo
476 3981 539 4028 dans
551 3981 711 4043 l'intorlignc.
