2790 4792
595 393 796 463 -239-

182 533 338 614 Bonlaut‚
356 536 368 601 i
387 537 557 603 minellum
578 539 670 605 ordei
682 544 717 607 et
729 561 751 605 v
766 538 797 605 d.
812 559 873 627 pro
887 538 1022 626 sequela
1036 559 1095 625 pro
1111 537 1211 604 dimi-

182 649 238 715 dia
250 655 410 718 costuma.

209 778 301 825 Relicta
317 779 417 827 Gurnoti
430 779 540 827 Chabout
553 776 680 842 [Ysabiau.
701 782 735 828 lis
752 777 801 843 56].
816 805 845 815 -
861 782 991 828 «lohannes
1005 783 1096 830 Bousc.

224 877 290 943 Pro
300 879 398 944 vinea
411 881 476 946 sita
490 880 524 944 in
543 880 636 945 ochis
653 879 808 947 Gaufridi
823 881 912 948 inter
924 882 1057 947 vineam
1073 880 1210 945 Pichom

181 998 214 1059 et
245 995 377 1059 vineam
403 994 557 1060 Gaufridi
578 996 729 1081 Regnart
748 997 760 1059 i
780 996 949 1062 minellum
971 996 1063 1062 ordei
1083 1001 1117 1064 et
1133 1016 1156 1061 x
1176 995 1207 1062 d.

178 1128 238 1194 pro
256 1111 389 1196 sequela
402 1130 462 1196 pro
479 1110 618 1177 dimidia
631 1116 792 1178 costuma.

211 1224 273 1279 Gila,
285 1225 369 1271 relicta
382 1225 505 1286 Arnulphi
519 1226 615 1275 Filiere.

223 1315 289 1380 Pro
315 1316 383 1382 alia
406 1317 506 1382 vinea
529 1317 596 1384 sita
615 1318 650 1381 in
668 1298 782 1383 eodem
801 1316 886 1395 loco,
907 1316 1008 1403 juxta
1027 1313 1212 1401 predictam

180 1430 311 1495 vineam
329 1432 340 1495 i
360 1431 531 1496 minellum
552 1431 645 1498 ordei
660 1441 694 1499 et
710 1453 734 1497 x
748 1431 780 1497 d.
800 1452 860 1518 pro
882 1431 1016 1517 sequela
1037 1450 1097 1533 pro
1114 1429 1215 1495 dimi·

182 1545 237 1611 dia
252 1551 415 1614 costuma.

209 1661 342 1709 (laufridus
357 1663 463 1722 Regnart
481 1659 639 1725 [casapetra.
653 1663 688 1711 lls
701 1661 749 1725 56].

209 1752 284 1797 Filia.

221 1841 287 1906 Pro
306 1848 401 1908 terra
417 1842 483 1907 sita
501 1843 535 1906 in
553 1841 645 1907 ochis
669 1840 825 1907 Gaufridi
843 1841 944 1926 juxta
966 1846 1095 1907 terram
1119 1839 1211 1907 Gau-

179 1955 256 2022 fridi
272 1957 352 2024 dicti
366 1957 491 2037 Belle,i
506 1958 676 2024 minellum
685 1957 778 2023 ordei
790 1961 824 2024 et
837 1977 861 2022 x
873 1956 905 2023 d.
927 1977 988 2044 pro
1005 1957 1139 2044 sequela
1150 1978 1211 2045 pro

178 2072 317 2138 dimidia
332 2078 495 2140 costuma.

207 2188 290 2234 Petrus
307 2189 412 2248 Regnart
423 2185 463 2249 [dc
478 2189 588 2246 Capella.
607 2190 641 2236 lls
655 2185 704 2249 56].

220 2275 287 2341 Pro
300 2281 393 2343 terra
406 2277 473 2343 sita
487 2278 522 2342 in
535 2276 628 2342 ochis
648 2276 688 2341 de
706 2275 934 2343 Bello-Monte
951 2278 1053 2363 juxta
1078 2277 1210 2343 vineam

177 2390 256 2457 dicti
270 2393 362 2477 Baye
376 2396 410 2459 et
417 2393 519 2478 juxta
529 2393 662 2459 vineam
678 2392 835 2469 Boulaut,
853 2393 865 2457 i
880 2392 1052 2458 minellum
1069 2391 1160 2458 ordei
1177 2396 1212 2458 et

176 2525 206 2570 v.
222 2505 256 2571 d.
277 2526 337 2592 pro
352 2507 486 2591 sequela
498 2527 558 2592 pro
572 2505 710 2572 dimidia
725 2511 887 2573 costuma.

205 2620 313 2668 Bricetus
331 2623 402 2668 Droot
420 2619 460 2684 [de
472 2619 597 2685 capella}

217 2712 284 2777 Pro
305 2716 399 2778 terra
422 2713 489 2779 sita
508 2711 550 2778 ad
569 2711 726 2798 Arbuyas
747 2711 924 2778 Maiorisse
945 2711 1047 2798 juxta
1074 2709 1207 2776 vineam

174 2826 301 2893 Pichon
317 2848 380 2915 que
397 2828 461 2896 fuit
481 2829 623 2917 Toreau,
644 2829 669 2894 ii
687 2829 809 2908 minas,
834 2827 940 2907 ordei,
956 2828 981 2892 ii
1000 2825 1157 2914 gallinas,
1174 2831 1211 2894 et

173 2963 219 3009 xx
234 2947 293 3010 viii
311 2944 343 3010 d.
360 2950 386 3012 t.
408 2966 467 3032 pro
488 2965 589 3011 censu
601 2965 662 3032 pro
682 2944 810 3012 duabus
823 2944 995 3013 costumis.

204 3059 345 3120 Stephanus
359 3060 452 3110 Breier.

202 3159 313 3205 Heredes
332 3161 449 3206 Pichebot
468 3162 552 3207 dictus
568 3160 683 3218 Scnqlas.

217 3259 388 3325 Proterra
403 3280 466 3345 que
486 3259 550 3325 fuit
575 3259 740 3326 Bernardi
763 3265 797 3327 et
816 3259 944 3336 Jacobi,
971 3260 1037 3326 sita
1058 3261 1092 3324 in
1113 3259 1207 3326 ochis

174 3372 214 3437 ad
232 3380 375 3461 arpenta
389 3375 624 3459 Belli-Montis,
642 3376 654 3440 i
669 3375 839 3441 minellum
857 3373 962 3453 ordei,
980 3373 1118 3441 dimidia
1138 3375 1208 3462 gal-

174 3488 254 3569 lina,
274 3493 322 3559 vii
342 3491 374 3557 d.
396 3512 516 3558 census
531 3512 592 3578 pro
608 3490 747 3557 dimidia
760 3495 923 3559 costuma.

205 3609 330 3656 lohannes
343 3608 361 3655 li
372 3610 437 3656 lluot
449 3605 489 3671 lde
505 3609 643 3656 Binumont.
661 3609 696 3656 Ms
709 3605 759 3672 56].

217 3701 284 3764 Pro
294 3700 394 3765 vinea
410 3703 444 3765 et
458 3719 517 3785 pro
531 3704 625 3766 terra
637 3700 713 3767 sitis
729 3699 764 3764 in
780 3698 873 3764 ochis
884 3697 927 3765 ad
943 3701 1088 3785 arpenta
1103 3697 1208 3763 Belli-

173 3817 310 3894 MontiS,
326 3837 388 3902 que
403 3814 537 3882 luerunt
549 3814 703 3882 Gaufridi
713 3814 877 3894 Chabout,
891 3815 903 3880 i
917 3804 1089 3880 minellum
1100 3814 1207 3896 ordei,

171 3933 340 3998 dimidiam
360 3931 530 4018 gallinam,
546 3936 580 4000 et
593 3953 615 3997 v
625 3930 666 3998 de
681 3951 800 4000 census
813 3950 874 4018 pro
889 3930 1028 3998 dimidia
1042 3934 1206 3998 costuma.

204 4048 347 4108 Radulpnus
362 4047 391 4094 do
407 4046 488 4096 Seinz.
