2790 4792
579 409 750 475 -25..

129 554 334 620 carnatione
361 573 424 618 sua
451 553 622 620 tricesimo
648 553 755 618 tercio
783 553 871 619 celos
905 553 1068 631 ascendit,
1101 551 1178 618 inde

129 675 299 736 venturus
313 667 469 755 judicare
486 668 581 734 vivos
605 672 639 734 et
655 673 805 735 mortuos
821 670 935 756 justus
949 669 1066 755 judex.

285 972 287 977 .
386 918 431 964 DE
454 916 664 965 NATIVITATB
688 916 798 964 ΒΕΑΤΕ
822 917 929 964 Maura

180 1129 324 1195 Joachin
340 1148 382 1193 ex
396 1127 527 1194 Galilea
539 1127 677 1193 civitate
692 1127 863 1193 Nazareth
877 1131 1028 1194 sanctam
1046 1135 1180 1194 Annam
1200 1157 1204 1166 ·

135 1244 238 1309 duxit
257 1262 395 1308 uxorem
411 1263 454 1307 ex
475 1242 660 1308 Bethleem.
687 1242 793 1306 Ambo
806 1242 891 1328 justi
913 1247 1011 1309 erant
1028 1243 1063 1307 in
1083 1263 1181 1308 man-

137 1358 229 1424 datis
245 1357 377 1423 Domini
400 1356 606 1433 incedentes
629 1376 826 1442 omnemque
842 1376 936 1420 suam
955 1355 1179 1423 substantiam

135 1472 306 1558 tripharie
316 1471 522 1536 dividebant.
538 1471 674 1556 Templo
690 1473 749 1536 Dei
765 1475 798 1536 et
813 1469 1032 1537 servitoribus
1049 1477 1179 1557 partem

137 1589 294 1674 primam,
316 1585 418 1650 aliam
437 1587 627 1671 peregrinis
647 1590 681 1650 et
695 1585 898 1671 pauperibus
922 1586 1120 1671 erogabant,
1146 1592 1184 1654 11

70 1693 75 1704 ’
136 1702 279 1768 terciam
305 1699 423 1766 sibiet
444 1719 502 1764 sue
525 1698 652 1764 familie
678 1699 909 1768 reservabant.
932 1701 1080 1786 Singulis
1099 1721 1180 1766 vero

136 1824 239 1884 annis
254 1817 362 1884 tribus
377 1817 475 1883 festis
492 1817 659 1903 precipuis
675 1817 692 1880 J
696 1817 885 1882 herusalem
906 1816 1176 1902 frequentabant.
1193 1819 1228 1882 10

138 1933 291 2011 Quadam
327 1931 488 2016 siqnidem
519 1931 573 1996 die
607 1931 750 1998 Joachin
787 1930 827 1996 ad
862 1933 971 1999 altare
987 1933 1177 2012 accedente,

136 2047 273 2134 quidam
297 2047 420 2134 repulit
446 2047 561 2112 dicens
580 2047 671 2112 inter
691 2045 852 2111 fecundos
876 2047 1091 2114 infecundum
1112 2069 1178 2114 non

136 2167 254 2229 astare
268 2161 399 2227 debere.
424 2162 567 2227 Joachin
585 2165 667 2226 tunc
694 2160 854 2226 confusus
878 2162 1015 2228 domum
1037 2182 1103 2228 non
1123 2183 1180 2228 re-

137 2277 214 2354 diit,
233 2260 290 2342 sed
307 2297 381 2343 cum
400 2278 470 2341 suis
485 2276 681 2362 pastoribus
697 2277 871 2342 remansit.
894 2278 939 2344 Et
954 2278 1023 2343 illic
1040 2278 1179 2364 angelus

138 2394 199 2458 Dei
216 2412 381 2478 apparens
398 2393 429 2457 ei
448 2391 536 2458 dixit
553 2413 560 2456 :
578 2391 755 2457 Auruncio
772 2391 834 2458 tibi
851 2413 965 2476 preces
980 2399 1057 2459 tuas
1073 2413 1179 2457 exau-

137 2507 229 2574 ditas
249 2511 283 2574 et
297 2507 505 2573 elemosinas
522 2511 611 2573 tuas.
631 2506 725 2572 Vade
751 2506 793 2572 ad
819 2513 951 2591 portam
979 2527 1114 2573 auream
1140 2511 1174 2572 et

137 2623 237 2689 uxori
250 2626 309 2688 tue
323 2621 484 2688 obviabis.
502 2621 665 2688 Similiter
678 2622 819 2707 angelus
835 2627 950 2688 sancte
965 2622 1061 2687 Anne
1078 2642 1181 2707 appa·

137 2738 209 2802 ruit
218 2739 251 2803 et
263 2736 313 2801 illi
326 2735 441 2802 eadem
452 2734 637 2802 nunciavit.
652 2735 759 2801 Ambo
773 2736 836 2801 sibi
849 2737 991 2802 invicem
1005 2737 1179 2804 obviantes

137 2851 199 2917 leti
226 2850 267 2915 de
291 2850 454 2941 proleab
481 2848 600 2935 angelo
630 2851 797 2935 promissa
826 2850 960 2916 domum
985 2851 1175 2918 redierunt.

137 2966 238 3031 Anna
261 2965 413 3050 concepit
439 2968 479 3029 'et
510 2965 640 3050 peperit
663 2966 817 3046 Mariam,
841 2976 940 3049 quam
965 2964 1226 3050 postmodum20

138 3099 214 3144 cum
230 3079 398 3145 oblatione
426 3062 462 3142 in
488 3079 624 3164 Templo
645 3100 718 3144 cum
734 3079 810 3144 11111
827 3079 1014 3164 virginibus
1035 3079 1172 3146 dimisit.

138 3193 209 3267 Que
228 3194 320 3279 virgo
339 3193 374 3257 111
389 3193 477 3273 omni
494 3193 676 3259 sanctitate
693 3191 870 3277 proficiens
886 3191 927 3258 ab
948 3192 1078 3278 angelis
1100 3192 1180 3259 visi-

136 3307 288 3374 tabatur.
305 3307 432 3381 Quarto
452 3311 562 3373 autem
580 3306 707 3371 decimo
722 3306 787 3384 vel,
806 3305 926 3371 secund
933 3327 987 3370 um
1002 3307 1175 3392 quosdam,

137 3420 331 3487 duodecimo
349 3422 451 3488 etatis
471 3441 530 3486 sue
547 3420 804 3506 annopontilex
827 3419 1044 3488 denunciavit
1057 3426 1095 3488 ut
1106 3423 1179 3488 vir·
1217 3407 1219 3411 Α

138 3537 235 3622 gines
247 3535 289 3600 de
302 3534 438 3620 Templo
451 3534 585 3600 domum
601 3540 856 3602 reverterentur
870 3538 904 3602 et
918 3536 1002 3601 viris
1013 3536 1178 3621 legittime

130 3650 372 3736 jungerentur.
386 3648 488 3736 Cujus
502 3650 662 3716 mandato
675 3670 749 3715 curn
763 3655 873 3717 cetere
884 3651 1090 3736 paruissent,
1106 3649 1179 3716 sola

136 3765 250 3830 Maria
270 3765 365 3829 exire
391 3763 540 3843 nolebat,
574 3764 688 3833 dicens
711 3764 798 3850 quod
825 3767 965 3830 Domino
985 3765 1177 3832 castitatem

136 3899 233 3944 suam
258 3882 412 3945 voverat.
444 3880 536 3945 Tunc
566 3880 719 3965 pontifex
749 3881 944 3966 intelligens
968 3879 1176 3965 Scripturam

134 4014 199 4090 que
224 3993 307 4062 dicit
330 3993 483 4067 :Vovete
511 3998 546 4068 et
574 3994 716 4073 reddite,
749 3996 932 4092 nolensque
958 3994 1174 4098 consuetudi·
