2790 4792
577 425 753 492 -45-

130 572 227 656 Egea
259 555 460 656 proconsule
489 567 717 653 deprehensus
754 569 787 632 in
819 586 953 632 carcere
988 566 1111 629 missus
1140 584 1179 630 ac

133 685 258 750 deinde
275 684 477 771 gravissime
497 703 593 749 cesus
608 682 650 747 ad
668 683 823 771 ultimum
845 683 880 746 in
898 700 995 747 cruce
1010 700 1178 766 appensus

134 800 239 866 biduo
260 799 343 865 inibi
372 799 572 885 supervixit,
596 817 635 863 ac
657 796 789 863 demum
807 799 841 862 in
859 817 955 863 cruce
976 797 1178 882 martyrium

136 915 398 984 consummavit.

258 1165 302 1213 DE
320 1164 461 1215 sancms
485 1162 608 1210 JAGOBO
632 1163 676 1210 ET
699 1162 855 1212 JOHANNE
877 1161 1069 1210 FRATRIBUS

186 1375 293 1442 David
313 1377 505 1463 rexgenuit
521 1377 661 1445 Nathan
678 1382 712 1444 et
725 1377 933 1443 Salomonem
947 1399 954 1456 ;
977 1397 1019 1442 ex
1037 1376 1181 1444 cathena

139 1488 473 1559 Nathan'descendit
496 1493 652 1571 Joaohin,
681 1493 737 1579 qui
769 1513 811 1557 ex
838 1494 949 1575 Anna,
977 1511 1082 1557 uxore
1107 1512 1194 1569 sua,.

141 1606 261 1692 genuit
283 1607 453 1686 Mariam,
482 1608 649 1694 virginem
679 1611 713 1674 et
741 1610 884 1674 matrem
915 1607 1046 1673 Domini
1073 1607 1183 1672 nostri

140 1714 247 1786 Jhesu
267 1720 407 1789 Christi.
430 1722 592 1790 Defuncto
616 1723 771 1800 Joachin,
801 1724 901 1789 Anna
930 1723 1049 1789 habuit
1074 1722 1183 1787 virum

95 1890 102 1901 .
141 1835 353 1921 cleopham„
373 1857 416 1902 ex
446 1858 510 1922 quo
540 1837 644 1904 filiam
675 1838 794 1904 habuit
818 1835 999 1932 secundam
1023 1838 1179 1914 Mariam,
1198 1824 1233 1890 ¹⁰

70 1959 76 1965 '
143 1957 287 2017 matrem
306 1952 422 2019 Jacobi
438 1953 591 2038 Minoris,
624 1954 762 2040 loseph,
791 1954 948 2039 SJmonis
968 1953 1118 2019 Cananei
1151 1958 1196 2019 et·

142 2066 230 2132 Jude
251 2066 390 2147 Thadei,
417 2075 450 2136 et
471 2068 537 2136 fuit
562 2089 648 2136 uxor
670 2070 804 2156 Alphei.
837 2068 1001 2136 Defuncto
1024 2069 1183 2154 Cleopha,

144 2184 290 2269 sumpsit
302 2184 403 2250 Anna
421 2185 687 2279 terciumviram
705 2185 839 2250 nomine
854 2185 998 2262 Salome,
1017 2189 1052 2250 et
1067 2183 1186 2249 habuit

143 2297 287 2364 terciam
315 2297 471 2377 Mariam,
500 2319 563 2384 que
594 2319 637 2365 cx
665 2297 812 2364 Zebedeo
833 2299 917 2364 duos
938 2297 1026 2373 filios
1052 2297 1184 2374 habuit,

144 2412 306 2478 Jacobum
334 2412 490 2479 videlicet
519 2413 681 2499 majorem
709 2415 744 2479 et
771 2413 959 2478 iohannem
991 2408 1187 2495 euvangeli-

144 2533 247 2594 stam.
265 2529 389 2595 Beatus
403 2547 484 2607 vero
499 2527 656 2606 lacobus,
672 2527 790 2594 divisis
806 2527 968 2612 apostolis
984 2545 1043 2611 per
1058 2523 1185 2601 orbem,
1256 2519 1262 2535 ⁶

143 2644 182 2707 in
199 2642 383 2729 Hyspaniis
404 2643 604 2729 predicavit.
628 2642 753 2708 Deinde
772 2642 1007 2707 lherosolimis
1032 2658 1189 2706 reversus

146 2759 191 2825 ab
208 2758 341 2825 Herode
361 2758 546 2826 decollatus
566 2764 619 2827 est
633 2773 722 2824 anno
740 2758 781 2824 ab
801 2759 1038 2854 incarnatione
1058 2754 1190 2821 Domini
1270 2763 1272 2765 ’

146 2874 310 2941 XL11110.
330 2874 411 2960 Ejus
435 2887 513 2939 ossa
541 2894 562 2940 a
586 2874 819 2940 iherosolimis
839 2873 881 2939 ad
901 2873 1094 2960 Hyspanias
1112 2873 1191 2937 sunt

148 2989 299 3057 translat
286 2994 322 3056 a
337 2994 371 3055 e
382 2990 418 3054 in
357 2989 493 3055 ttul
469 2989 563 3055 timis
579 3008 693 3054 earum
706 2995 784 3075 part
770 2989 858 3056 tibus
875 2987 988 3054 condit
973 2992 1029 3066 t;a
1049 2983 1191 3054 celeber·
1190 2980 1240 3043 20

149 3098 240 3171 rima
253 3104 386 3169 illarum
399 3105 617 3171 veneratione
631 3109 712 3191 gent
713 3105 782 3169 ium
798 3105 965 3170 coluntur.
976 3104 1101 3170 Beatus
1112 3121 1192 3167 vero

150 3220 334 3286 Johannes
351 3218 423 3306 ejus
444 3238 625 3305 germanus
654 3212 695 3284 ab
724 3220 869 3304 Epheso,
887 3219 985 3305 jussu
1006 3217 1192 3283 Domiciani
1240 3239 1248 3245 ’·

152 3336 295 3401 Romam
315 3333 496 3421 perductus
510 3339 574 3413 est,
595 3338 641 3413 et,
651 3339 808 3420 presente
822 3339 954 3412 senatu,
970 3337 1049 3401 ante
1061 3337 1193 3419 portam

154 3450 313 3516 Latinam
331 3450 366 3513 in
384 3449 447 3515 olei
474 3447 637 3516 ferventis
654 3448 779 3515 dolium
802 3450 923 3515 missus
944 3450 1080 3521 minime
1104 3449 1194 3512 lesus

155 3554 254 3642 exiit,
277 3569 311 3655 et
327 3564 414 3650 apud
438 3564 606 3650 Ephesum
631 3569 708 3651 post
736 3565 828 3630 exilii
852 3565 1099 3651 religationem,
1118 3567 1203 3650 post*

154 3679 368 3765 Apocalipsis
395 3680 543 3775 divinam
570 3680 816 3746 revelationem
840 3684 874 3746 et
901 3685 978 3766 post
997 3679 1200 3766 Euvangelii
1257 3763 1263 3775 ,

156 3793 417 3878 descriptionem
433 3793 595 3879 usquead
610 3798 742 3880 tempus
757 3794 895 3880 TraJani
911 3795 1072 3880 principis
1086 3814 1197 3881 perse·

155 3928 283 3974 verans
298 3909 404 3974 totius
418 3906 509 3995 'Asye
531 3909 686 3976 fundavit
701 3910 856 3994 rexitque
880 3910 1051 3991 ecolesiaS,
1071 3916 1105 3978 et
1122 3931 1197 3978 oon·

158 4023 271 4091 feotus
296 4024 389 4089 senio
416 4044 504 4090 anno
534 4025 743 4112 'sexagesimo
769 4029 887 4091 octavo
909 4031 985 4112 post
1008 4029 1199 4114 passionem
