2782 4786
581 418 762 487 ..36-

157 560 235 640 post
261 556 323 622 hec
349 557 465 623 multis
495 557 702 644 temporibus
735 561 808 645 jam
838 561 1023 626 transactis
1058 558 1206 626 domnus

159 670 391 750 Leuthericus,
407 656 612 738 Senonensis
625 672 909 759 archiepiscopus,
924 676 959 739 et
976 670 1119 738 domnus
1134 673 1208 738 Re-

159 786 314 873 gnaldus,
329 785 445 864 abbae,
460 791 581 853 octavo
599 787 764 854 kalendas
778 787 979 875 septembris
991 787 1109 854 eadem
1124 808 1207 854 cor-

158 921 242 988 pora
256 901 465 968 levaverunt.
483 900 556 975 Qua
567 901 736 968 levatione
751 901 987 988 quamplurimi
1013 921 1074 988 per
1101 920 1206 967 eano-
1247 968 1251 981 ,

159 1020 270 1083 torum
286 1015 449 1103 suffragia
461 1016 603 1102 adipisci
619 1022 815 1085 meruerunt
834 1017 982 1085 remedia
998 1018 1201 1084 sanitatum.

158 1133 257 1217 Nam,
276 1136 314 1201 ut
330 1135 366 1199 in
377 1132 486 1219 prima
502 1132 741 1212 translatione,
760 1132 796 1198 in
810 1137 883 1202 toto
898 1130 1105 1201 m‘onasterio
1117 1131 1205 1198 udor

159 1247 379 1350 suavissimus
399 1245 632 1332 permanebat.

201 1362 325 1429 Eodem
343 1366 506 1448 tempore,
529 1381 626 1428 cecus
639 1363 774 1448 quidam
789 1363 831 1430 de
845 1364 1010 1457 Furianis
1034 1363 1070 1428 in
1098 1362 1204 1428 Wes-

157 1476 230 1543 tino
252 1477 359 1563 primo
376 1475 418 1542 ad
438 1479 631 1542 sanctorum
654 1479 777 1567 merita
800 1479 904 1563 venit,
925 1477 983 1544 sed
999 1476 1105 1543 nichil
1120 1475 1203 1541 inde

112 1592 346 1677 10percipiens
371 1590 485 1658 rediit.
511 1593 552 1656 In
573 1593 722 1678 sompnis
747 1612 828 1665 vero
852 1592 1059 1661 revelatione
1084 1574 1225 1659 divina

159 1708 307 1775 monitus
326 1705 368 1772 ad
388 1706 503 1774 Sancti
521 1708 615 1774 Petri
639 1709 881 1775 monasterium
912 1710 1036 1777 iterum
1057 1707 1201 1775 veniens

160 1823 332 1890 oculorum
345 1823 472 1910 recepit
488 1823 678 1890 omnimode
690 1824 894 1891 claritatem.

205 1938 244 2004 In
267 1938 461 2023 supradicta
481 1942 674 2004 sanctorum
700 1938 869 2006 levatione
892 1940 928 2004 iu
951 1929 1082 2024 liquore
1100 1958 1207 2003 mun-

160 2050 299 2118 dissimo
327 2071 406 2119 ossa
431 2057 625 2120 sanctorum
650 2053 721 2120 lota
746 2051 884 2120 fuerunt
904 2052 946 2118 de
969 2073 1034 2138 quo
1054 2051 1204 2118 infirmis

159 2170 251 2255 potio
267 2168 422 2252 dabatur,
444 2190 510 2255 qua
532 2174 691 2256 percepta
706 2168 943 2246 infirmitatum
960 2190 1098 2237 suarum
1116 2158 1205 2236 con-⁴
1279 2179 1282 2185 '

160 2283 256 2350 tinuo
266 2280 494 2372 percipiebant
507 2285 723 2371 integraliter
743 2285 937 2352 sanitatem.

206 2402 253 2466 De
274 2399 416 2487 quodam
426 2400 493 2467 alio
502 2401 637 2486 liquore
653 2401 709 2486 qui
724 2420 745 2466 a
760 2419 862 2487 capsa
876 2405 1039 2487 argentea
1053 2405 1088 2468 et
1099 2420 1208 2467 aurea

163 2518 271 2584 sancti
292 2516 466 2588 Saviniani
487 2501 650 2594 manavit,
677 2520 779 2602 prout
802 2535 864 2603 ego
890 2515 996 2583 frater
1017 2507 1207 2610 (laufridus

162 2632 272 2699 dictus
291 2632 331 2697 de
350 2631 486 2698 Collone
501 2631 601 2717 hujus
627 2631 691 2697 loci
709 2631 894 2698 monachus
918 2635 952 2698 et
975 2630 1133 2697 sacerdos
1154 2632 1208 2696 in-

112 2745 284 2831 20dignus
318 2745 387 2811 vidi
422 2744 590 2810 ascribere
624 2728 761 2832 dignum
803 2734 896 2811 duri.
938 2747 1036 2812 Anno
1063 2746 1207 2832 ¹Domini

162 2851 226 2925 CC⁰
240 2860 272 2924 M
277 2877 288 2906 ⁰
301 2859 505 2945 octogesimo
528 2859 685 2939 secund0,
700 2862 906 2927 monasterio
923 2864 1040 2927 nostro
1059 2863 1207 2928 vacante

163 2994 224 3062 per
235 2979 378 3042 mortem
392 2973 478 3039 bone
496 2975 655 3039 memorie
676 2973 788 3040 domni
803 2973 958 3041 Gaufridi
983 2974 1127 3054 abbatis,
1145 2996 1207 3042 so-

164 3092 251 3157 roris
269 3091 362 3178 cujus
378 3089 467 3156 filius
480 3088 546 3167 fui,
568 3089 690 3157 accidit
705 3090 740 3154 in
758 3091 908 3157 crastino
924 3090 1021 3156 Beati
1037 3090 1056 3154 J
1059 3089 1207 3155 ohannis

165 3212 243 3274 ante
266 3212 396 3293 portam
417 3206 587 3283 Latinam,
604 3225 668 3290 quo
686 3204 739 3271 die
765 3204 970 3272 celebratum
995 3202 1060 3271 fuit
1078 3202 1206 3271 festum

56 3314 59 3317 ’
164 3324 381 3388 Ascensionis
396 3322 528 3388 Domini
540 3326 575 3403 et
590 3325 729 3406 peracta
742 3322 968 3406 processione,
984 3325 1084 3406 prout
1098 3323 1207 3386 moris

166 3444 229 3520 est,
247 3458 267 3503 a
282 3440 448 3504 conventu
464 3441 499 3503 et
522 3456 623 3522 capsa
635 3437 668 3501 in
687 3457 756 3523 vqua
775 3455 895 3523 corpus
915 3436 1006 3502 beati
1029 3421 1207 3501 Saviniani

166 3555 347 3640 requiescit
363 3552 475 3638 posita
499 3569 599 3636 super
619 3551 727 3617 altare
744 3571 807 3636 que.
821 3571 882 3637 per
905 3570 958 3615 me
982 3553 1065 3616 tunc
1079 3548 1209 3637 dyaco-

107 3686 111 3696 ·
168 3690 244 3735 nem
273 3674 307 3736 et
336 3689 396 3755 per
428 3667 568 3733 fratrem
594 3667 782 3733 iohannem
811 3667 956 3754 Rigaudi
983 3665 1206 3750 sacerdotem,

170 3784 283 3850 delata
303 3783 416 3859 fuerat
438 3781 480 3846 ad
502 3783 762 3867 processionem,
785 3780 1006 3847 foraminibus
1032 3780 1086 3846 vel
1115 3782 1224 3866 poris¹

53 3950 59 3959 .
121 3913 162 3982 30
172 3899 488 3986 minimeperceptis
515 3898 628 3964 suavis
653 3898 763 3983 liquor
784 3896 825 3962 ab
852 3897 967 3963 eadem
991 3915 1093 3982 capsa
1111 3899 1210 3982 quasi

171 4012 291 4081 celitus
306 4014 476 4080 emanavit
502 4018 535 4080 et
552 4032 573 4078 a
593 4011 685 4080 dicta
708 4032 810 4099 capsa
833 4031 938 4098 usque
960 4011 1001 4078 ad
1021 4013 1143 4093 altare,
1166 4011 1210 4080 ab
