2790 4792
640 410 838 479 ..156-

219 554 312 640 prior
325 552 365 619 de
388 551 508 621 Naudo
527 573 551 619 x
568 574 595 620 s.
615 573 703 640 par„
724 557 758 623 et
772 554 821 620 xii
841 552 875 620 d.
895 552 1088 631 elemosina,
1104 556 1141 620 et
1157 548 1208 619 xii
1227 551 1262 618 d.

225 669 463 757 pulsatoribus.

253 785 321 833 Prior
332 785 361 832 de
378 786 470 833 Naudo.

263 887 363 951 ll.—
378 886 428 953 ΙΙΙ
444 885 555 952 Yd-
569 885 659 956 Obiit
675 884 858 965 Robertus,
874 886 1057 952 monachus
1072 884 1115 952 de
1127 884 1261 968 Naudo,

219 1021 279 1088 pro
296 1021 360 1086 quo
375 1000 473 1067 debet
486 1003 580 1088 prior
599 1001 639 1067 de
656 1003 823 1068 Auxonno
843 1023 876 1068 v.
895 1023 922 1067 s.
942 1007 1025 1080 tun,
1044 1006 1079 1072 et
1093 1002 1128 1068 vi
1143 1000 1178 1067 d.
1194 1001 1265 1067 ele·

188 1173 195 1190 ,
220 1118 360 1195 mesine,
378 1123 413 1184 et
427 1119 461 1183 vi
478 1116 511 1183 d.
528 1117 768 1205 pulsatoribus,

251 1232 320 1280 Prior
332 1232 361 1279 de
374 1235 505 1281 Auxonno.

267 1331 413 1397 12.-11
429 1331 495 1398 Yd.
513 1367 554 1383 -
569 1331 658 1399 Obiit
675 1333 837 1408 Luciana,
855 1351 916 1418 pro
936 1351 1002 1417 qua
1016 1330 1115 1399 debet
1128 1330 1266 1399 thesau-

226 1449 338 1513 rarius
363 1448 386 1512 ii
412 1467 439 1513 s.
461 1468 534 1534 par.
561 1468 661 1533 super
686 1446 852 1533 quoddam
876 1451 1010 1533 pratum
1036 1447 1139 1513 situm
1165 1467 1265 1533 super

224 1563 391 1628 Vannam.

256 1679 438 1726 'thesaurarius

271 1769 323 1833 13.
342 1768 600 1834 -Ydibus-
630 1769 744 1836 Sancti
776 1768 925 1855 Hylarii.
964 1767 1128 1834 Obierunt
1167 1769 1263 1856 Hugo

224 1883 362 1969 Maalay
383 1890 417 1951 et
432 1885 595 1967 Emelina,
617 1905 703 1952 uxor
721 1885 806 1972 ejus
825 1905 886 1972 pro
910 1884 1044 1970 quibua,
1068 1883 1172 1950 habet
1191 1904 1265 1949 con·

219 2004 340 2066 ventus
363 2001 399 2064 iii
421 2006 532 2067 stur.
549 2021 649 2087 super
667 1996 800 2066 vineam
814 2000 900 2087 apud
919 1999 1148 2086 Champdalce
1163 1999 1219 2087 (l).

249 2114 355 2175 iniecto,
369 2115 421 2162 fllia
431 2130 462 2163 au
474 2116 527 2163 Roti
539 2116 570 2163 do
581 2117 659 2177 burgo
670 2113 897 2168 Sancti-iohannis.

256 2205 371 2265 Thibaut,
391 2207 409 2252 li
421 2207 539 2262 peletiers
552 2203 597 2269 (2).

261 2294 461 2380 Supradicta
481 2296 534 2361 die
555 2296 669 2362 Sancti
697 2295 843 2382 Hylarii,
871 2294 954 2361 obiit
969 2293 1182 2373 Guillelmus,
1206 2314 1264 2359 ar·

219 2411 448 2498 chiepiscopus
460 2411 675 2488 senonensia,
690 2431 750 2498 pro
767 2432 832 2497 quo
846 2411 949 2502 habet
961 2415 1147 2476 conventus
1166 2429 1265 2494 super

217 2525 439 2593 hereditatem
467 2527 567 2592 sitam
598 2526 685 2613 apud
716 2526 955 2613 Saligniacum‚
992 2545 1054 2611 que
1086 2523 1264 2591 hereditas

220 2643 284 2709 fuit
302 2641 451 2709 defuncti
467 2642 560 2709 Petri
575 2642 616 2707 de
630 2642 834 2719 Bella-Avia,
849 2641 1051 2728 presbyteri,
1072 2659 1121 2704 xx
1144 2660 1173 2704 s.
1192 2645 1262 2706 tur.

218 2757 397 2844 dequibus
421 2756 584 2825 debentur
608 2759 655 2823 xii
679 2758 872 2835 elemosine,
894 2764 928 2824 et
950 2758 997 2822 xii
1018 2755 1260 2843 pulsatoribus.

251 2874 317 2920 Istud
328 2873 525 2920 anniversarium
539 2877 694 2934 computatur
704 2874 731 2921 in
741 2874 872 2922 Novembri
885 2877 908 2920 at
919 2873 1051 2920 Februario
1061 2872 1120 2932 quia
1132 2872 1164 2919 ad
1177 2872 1264 2918 festum

220 2960 492 3010 Omnium-Sanctorum
507 2967 530 3010 at
546 2964 576 3011 ad
591 2963 787 3011 notificationem
808 2965 876 3010 beate
900 2963 973 3011 Maria
988 2962 1109 3009 debentur
1124 2973 1137 3008 c
1154 2975 1176 3009 s.
1191 2973 1263 3020 super

220 3053 384 3112 hereditatem,
397 3053 438 3100 hic
454 3054 579 3114 scriptam,
589 3067 633 3114 pro
645 3055 692 3100 isto
709 3053 881 3101 anniversario
892 3057 914 3100 at
930 3066 974 3113 pro
988 3053 1139 3112 quibusdam
1152 3052 1217 3099 aliis.

265 3144 364 3208 14.-
383 3142 468 3209 XIX
482 3144 560 3210 Kal.
581 3143 916 3210 Februarii-Obiit
933 3141 1123 3220 Renardus,
1141 3147 1261 3209 cantor

217 3259 317 3346 hujus
332 3258 408 3338 loci,
424 3279 562 3346 proquo
576 3259 678 3326 habet
697 3265 881 3326 conventus
899 3264 1143 3345 superterram
1166 3258 1263 3340 juxta

219 3379 329 3441 ortum
347 3375 576 3442 Sancti·Petri
593 3376 652 3441 viii
669 3396 698 3453 s,
715 3381 797 3454 tur„
823 3381 857 3442 et
880 3375 928 3440 xii
947 3374 981 3439 d.
1005 3373 1204 3452 elemosina,
1228 3381 1261 3439 et

222 3494 269 3556 xii
293 3492 325 3557 d.
348 3492 550 3578 pulsatores.

252 3609 318 3655 Istud
344 3608 542 3655 anniversarium
569 3610 722 3667 computatur
744 3606 771 3654 in
800 3607 932 3655 Novembri
948 3607 1008 3664 quia
1026 3619 1042 3652 x
1058 3619 1079 3656 s.
1095 3606 1215 3654 dabuntur
1231 3605 1259 3651 ad

222 3697 311 3745 festum
325 3697 609 3745 Omnium-Sanctorum.

269 3789 369 3854 15.-
381 3787 498 3854 XVlll
513 3784 732 3852 Kal-Obiit
743 3785 906 3872 magister
919 3783 1258 3851 RenaudusdeVilla·

254 3992 288 4055 (l)
302 3993 461 4053 Campdaloo,
473 3994 508 4041 lis
520 3995 556 4041 56.
1193 4037 1196 4043 ,

249 4082 281 4146 (2)
301 4084 331 4131 Sa
346 4083 534 4144 professionem
547 4084 608 4133 latin
618 4084 779 4142 pelliparius,
794 4086 839 4139 est,
852 4081 914 4130 dans
928 4081 951 4128 la
962 4081 997 4129 ils
1009 4081 1047 4138 56,
1055 4079 1135 4128 suivie
1145 4080 1174 4127 do
1184 4082 1252 4126 tenet.
