<?xml version="1.0" encoding="UTF-8"?>
<!DOCTYPE html PUBLIC "-//W3C//DTD XHTML 1.0 Transitional//EN"
    "http://www.w3.org/TR/xhtml1/DTD/xhtml1-transitional.dtd">
<html xmlns="http://www.w3.org/1999/xhtml" xml:lang="en" lang="en">
 <head>
  <title>
</title>
<meta http-equiv="Content-Type" content="text/html;charset=utf-8" />
  <meta name='ocr-system' content='tesseract 3.04.00' />
  <meta name='ocr-capabilities' content='ocr_page ocr_carea ocr_par ocr_line ocrx_word'/>
</head>
<body>
  <div class='ocr_page' id='page_1' title='image "./lelivredesreliq00jullgoog_0158.png"; bbox 0 0 2790 4792; ppageno 0'>
   <div class='ocr_carea' id='block_1_1' title="bbox 599 442 799 508">
    <p class='ocr_par' dir='ltr' id='par_1_1' title="bbox 599 442 799 508">
     <span class='ocr_line' id='line_1_1' title="bbox 599 442 799 508; baseline 0.005 -1"><span class='ocrx_word' id='word_1_1' title='bbox 599 442 799 508; x_wconf 85' lang='lat'>-115-</span> 
     </span>
    </p>
   </div>
   <div class='ocr_carea' id='block_1_2' title="bbox 179 583 1227 1489">
    <p class='ocr_par' dir='ltr' id='par_1_2' title="bbox 179 583 1227 1489">
     <span class='ocr_line' id='line_1_2' title="bbox 182 583 1221 674; baseline -0.004 -23"><span class='ocrx_word' id='word_1_2' title='bbox 182 607 256 674; x_wconf 84' lang='lat' dir='ltr'><strong>ergo</strong></span> <span class='ocrx_word' id='word_1_3' title='bbox 269 585 357 673; x_wconf 89' lang='lat' dir='ltr'><strong>qnod</strong></span> <span class='ocrx_word' id='word_1_4' title='bbox 382 585 487 653; x_wconf 90' lang='lat' dir='ltr'><strong>habes</strong></span> <span class='ocrx_word' id='word_1_5' title='bbox 506 585 617 653; x_wconf 87' lang='lat' dir='ltr'><strong>facere</strong></span> <span class='ocrx_word' id='word_1_6' title='bbox 638 585 679 651; x_wconf 93' lang='grc'><strong>16</strong></span> <span class='ocrx_word' id='word_1_7' title='bbox 693 606 758 658; x_wconf 86' lang='lat' dir='ltr'><strong>me.</strong></span> <span class='ocrx_word' id='word_1_8' title='bbox 781 586 860 672; x_wconf 89' lang='grc'><strong>6616</strong></span> <span class='ocrx_word' id='word_1_9' title='bbox 878 589 1049 651; x_wconf 89' lang='lat' dir='ltr'><strong>tormenta</strong></span> <span class='ocrx_word' id='word_1_10' title='bbox 1068 588 1129 650; x_wconf 89' lang='lat' dir='ltr'><strong>tua</strong></span> <span class='ocrx_word' id='word_1_11' title='bbox 1145 583 1221 648; x_wconf 89' lang='lat' dir='ltr'><strong>laus</strong></span> 
     </span>
     <span class='ocr_line' id='line_1_3' title="bbox 182 698 1222 789; baseline -0.002 -23"><span class='ocrx_word' id='word_1_12' title='bbox 182 722 253 768; x_wconf 88' lang='lat' dir='ltr'><strong>mea</strong></span> <span class='ocrx_word' id='word_1_13' title='bbox 278 707 343 769; x_wconf 89' lang='lat' dir='ltr'><strong>est.</strong></span> <span class='ocrx_word' id='word_1_14' title='bbox 364 702 428 769; x_wconf 87' lang='lat' dir='ltr'><strong>Sed</strong></span> <span class='ocrx_word' id='word_1_15' title='bbox 444 702 542 769; x_wconf 86' lang='lat' dir='ltr'><strong>video</strong></span> <span class='ocrx_word' id='word_1_16' title='bbox 561 703 640 789; x_wconf 92' lang='lat' dir='ltr'><strong>quia</strong></span> <span class='ocrx_word' id='word_1_17' title='bbox 657 723 716 788; x_wconf 89' lang='lat' dir='ltr'><strong>per</strong></span> <span class='ocrx_word' id='word_1_18' title='bbox 728 708 763 769; x_wconf 88' lang='lat' dir='ltr'><strong>te</strong></span> <span class='ocrx_word' id='word_1_19' title='bbox 775 701 859 767; x_wconf 90' lang='lat' dir='ltr'><strong>mihi</strong></span> <span class='ocrx_word' id='word_1_20' title='bbox 879 699 921 766; x_wconf 94' lang='lat' dir='ltr'><strong>ad</strong></span> <span class='ocrx_word' id='word_1_21' title='bbox 939 700 1046 766; x_wconf 88' lang='lat' dir='ltr'><strong>celum</strong></span> <span class='ocrx_word' id='word_1_22' title='bbox 1059 698 1153 765; x_wconf 88' lang='lat' dir='ltr'><strong>clara</strong></span> <span class='ocrx_word' id='word_1_23' title='bbox 1166 700 1222 765; x_wconf 85' lang='lat' dir='ltr'><strong>via</strong></span> 
     </span>
     <span class='ocr_line' id='line_1_4' title="bbox 181 815 1223 905; baseline -0.005 -19"><span class='ocrx_word' id='word_1_24' title='bbox 181 817 301 905; x_wconf 78' lang='lat' dir='ltr'>fulget,</span> <span class='ocrx_word' id='word_1_25' title='bbox 318 819 397 904; x_wconf 92' lang='lat' dir='ltr'><strong>quia</strong></span> <span class='ocrx_word' id='word_1_26' title='bbox 412 820 500 884; x_wconf 89' lang='lat' dir='ltr'><strong>Dens</strong></span> <span class='ocrx_word' id='word_1_27' title='bbox 519 839 613 884; x_wconf 91' lang='lat' dir='ltr'><strong>meus</strong></span> <span class='ocrx_word' id='word_1_28' title='bbox 633 822 835 904; x_wconf 86' lang='lat' dir='ltr'><strong>potestatem</strong></span> <span class='ocrx_word' id='word_1_29' title='bbox 858 815 973 882; x_wconf 90' lang='lat' dir='ltr'><strong>habet.</strong></span> <span class='ocrx_word' id='word_1_30' title='bbox 993 816 1086 881; x_wconf 88' lang='lat' dir='ltr'><strong>Tunc</strong></span> <span class='ocrx_word' id='word_1_31' title='bbox 1111 816 1223 883; x_wconf 87' lang='lat' dir='ltr'><strong>iratus</strong></span> 
     </span>
     <span class='ocr_line' id='line_1_5' title="bbox 179 931 1227 1007; baseline -0.001 -9"><span class='ocrx_word' id='word_1_32' title='bbox 179 954 239 999; x_wconf 81' lang='lat' dir='ltr'><strong>rex</strong></span> <span class='ocrx_word' id='word_1_33' title='bbox 263 933 354 1000; x_wconf 81' lang='lat' dir='ltr'><strong>dixit</strong></span> <span class='ocrx_word' id='word_1_34' title='bbox 382 934 425 1000; x_wconf 93' lang='lat' dir='ltr'><strong>ad</strong></span> <span class='ocrx_word' id='word_1_35' title='bbox 451 931 648 1001; x_wconf 87' lang='lat' dir='ltr'><strong>carnifices:</strong></span> <span class='ocrx_word' id='word_1_36' title='bbox 669 933 797 1000; x_wconf 90' lang='lat' dir='ltr'><strong>Mittite</strong></span> <span class='ocrx_word' id='word_1_37' title='bbox 825 950 899 997; x_wconf 89' lang='lat' dir='ltr'><strong>eam</strong></span> <span class='ocrx_word' id='word_1_38' title='bbox 928 932 963 996; x_wconf 90' lang='lat' dir='ltr'><strong>in</strong></span> <span class='ocrx_word' id='word_1_39' title='bbox 990 950 1160 997; x_wconf 89' lang='lat' dir='ltr'><strong>carcerem</strong></span> <span class='ocrx_word' id='word_1_40' title='bbox 1191 943 1227 1007; x_wconf 83' lang='lat' dir='ltr'><strong>et</strong></span> 
     </span>
     <span class='ocr_line' id='line_1_6' title="bbox 181 1047 1226 1137; baseline 0.001 -23"><span class='ocrx_word' id='word_1_41' title='bbox 181 1050 281 1136; x_wconf 90' lang='lat' dir='ltr'><strong>pedes</strong></span> <span class='ocrx_word' id='word_1_42' title='bbox 309 1050 382 1136; x_wconf 91' lang='lat' dir='ltr'><strong>ejus</strong></span> <span class='ocrx_word' id='word_1_43' title='bbox 403 1050 438 1115; x_wconf 92' lang='lat' dir='ltr'><strong>in</strong></span> <span class='ocrx_word' id='word_1_44' title='bbox 460 1050 568 1137; x_wconf 84' lang='lat' dir='ltr'><strong>cippo,</strong></span> <span class='ocrx_word' id='word_1_45' title='bbox 592 1055 626 1116; x_wconf 91' lang='lat' dir='ltr'><strong>et</strong></span> <span class='ocrx_word' id='word_1_46' title='bbox 648 1047 888 1136; x_wconf 83' lang='lat' dir='ltr'><strong>apprehendite</strong></span> <span class='ocrx_word' id='word_1_47' title='bbox 916 1047 1074 1114; x_wconf 84' lang='lat' dir='ltr'>cacabum</span> <span class='ocrx_word' id='word_1_48' title='bbox 1094 1051 1128 1114; x_wconf 89' lang='lat' dir='ltr'><strong>et</strong></span> <span class='ocrx_word' id='word_1_49' title='bbox 1144 1049 1226 1116; x_wconf 91' lang='lat' dir='ltr'><strong>mit-</strong></span> 
     </span>
     <span class='ocr_line' id='line_1_7' title="bbox 181 1163 1227 1255; baseline -0.001 -23"><span class='ocrx_word' id='word_1_50' title='bbox 181 1169 243 1234; x_wconf 92' lang='lat' dir='ltr'><strong>tite</strong></span> <span class='ocrx_word' id='word_1_51' title='bbox 259 1169 294 1232; x_wconf 90' lang='lat' dir='ltr'><strong>in</strong></span> <span class='ocrx_word' id='word_1_52' title='bbox 314 1187 353 1233; x_wconf 90' lang='lat' dir='ltr'><strong>eo</strong></span> <span class='ocrx_word' id='word_1_53' title='bbox 377 1187 512 1254; x_wconf 82' lang='lat' dir='ltr'><strong>rapam,</strong></span> <span class='ocrx_word' id='word_1_54' title='bbox 529 1168 649 1255; x_wconf 86' lang='lat' dir='ltr'><strong>picem,</strong></span> <span class='ocrx_word' id='word_1_55' title='bbox 666 1171 812 1253; x_wconf 90' lang='lat' dir='ltr'><strong>stupam,</strong></span> <span class='ocrx_word' id='word_1_56' title='bbox 829 1166 931 1240; x_wconf 87' lang='lat' dir='ltr'><strong>vites,</strong></span> <span class='ocrx_word' id='word_1_57' title='bbox 947 1169 1092 1242; x_wconf 89' lang='lat' dir='ltr'><strong>acetum,</strong></span> <span class='ocrx_word' id='word_1_58' title='bbox 1116 1163 1227 1251; x_wconf 91' lang='lat' dir='ltr'><strong>plum-</strong></span> 
     </span>
     <span class='ocr_line' id='line_1_8' title="bbox 181 1279 1227 1369; baseline -0.002 -21"><span class='ocrx_word' id='word_1_59' title='bbox 181 1283 271 1363; x_wconf 90' lang='lat' dir='ltr'>bum,</span> <span class='ocrx_word' id='word_1_60' title='bbox 304 1304 430 1365; x_wconf 89' lang='lat' dir='ltr'><strong>ceram,</strong></span> <span class='ocrx_word' id='word_1_61' title='bbox 460 1285 585 1351; x_wconf 86' lang='lat' dir='ltr'><strong>calcem</strong></span> <span class='ocrx_word' id='word_1_62' title='bbox 616 1288 651 1351; x_wconf 93' lang='lat' dir='ltr'><strong>et</strong></span> <span class='ocrx_word' id='word_1_63' title='bbox 673 1282 839 1369; x_wconf 79' lang='lat' dir='ltr'><strong>sulphur,</strong></span> <span class='ocrx_word' id='word_1_64' title='bbox 855 1287 890 1349; x_wconf 91' lang='grc'><strong>61</strong></span> <span class='ocrx_word' id='word_1_65' title='bbox 919 1281 1095 1369; x_wconf 85' lang='lat' dir='ltr'><strong>supponite</strong></span> <span class='ocrx_word' id='word_1_66' title='bbox 1117 1279 1227 1347; x_wconf 88' lang='lat' dir='ltr'><strong>tribus</strong></span> 
     </span>
     <span class='ocr_line' id='line_1_9' title="bbox 181 1395 1223 1489; baseline -0.002 -25"><span class='ocrx_word' id='word_1_67' title='bbox 181 1398 297 1466; x_wconf 89' lang='lat' dir='ltr'><strong>diebus</strong></span> <span class='ocrx_word' id='word_1_68' title='bbox 314 1401 440 1489; x_wconf 85' lang='lat' dir='ltr'><strong>ignem,</strong></span> <span class='ocrx_word' id='word_1_69' title='bbox 457 1405 496 1469; x_wconf 93' lang='lat' dir='ltr'><strong>ut</strong></span> <span class='ocrx_word' id='word_1_70' title='bbox 516 1399 718 1467; x_wconf 88' lang='lat' dir='ltr'><strong>incendatur</strong></span> <span class='ocrx_word' id='word_1_71' title='bbox 737 1417 816 1465; x_wconf 91' lang='lat' dir='ltr'><strong>caro</strong></span> <span class='ocrx_word' id='word_1_72' title='bbox 834 1399 906 1485; x_wconf 89' lang='lat' dir='ltr'><strong>ejus</strong></span> <span class='ocrx_word' id='word_1_73' title='bbox 924 1402 1053 1465; x_wconf 87' lang='grc'><strong>616666</strong></span> <span class='ocrx_word' id='word_1_74' title='bbox 1070 1395 1223 1482; x_wconf 80' lang='lat' dir='ltr'><strong>dissipet.</strong></span> 
     </span>
    </p>
   </div>
   <div class='ocr_carea' id='block_1_3' title="bbox 182 1512 1276 1709">
    <p class='ocr_par' dir='ltr' id='par_1_3' title="bbox 182 1512 1276 1709">
     <span class='ocr_line' id='line_1_10' title="bbox 182 1512 1227 1600; baseline 0.001 -22"><span class='ocrx_word' id='word_1_75' title='bbox 182 1514 223 1580; x_wconf 84' lang='lat' dir='ltr'><strong>nt</strong></span> <span class='ocrx_word' id='word_1_76' title='bbox 246 1534 322 1580; x_wconf 90' lang='lat' dir='ltr'><strong>cum</strong></span> <span class='ocrx_word' id='word_1_77' title='bbox 345 1513 506 1583; x_wconf 81' lang='lat' dir='ltr'><strong>fecissent</strong></span> <span class='ocrx_word' id='word_1_78' title='bbox 526 1515 589 1582; x_wconf 89' lang='lat' dir='ltr'><strong>hec</strong></span> <span class='ocrx_word' id='word_1_79' title='bbox 608 1516 734 1593; x_wconf 87' lang='lat' dir='ltr'><strong>omnia,</strong></span> <span class='ocrx_word' id='word_1_80' title='bbox 759 1512 1055 1600; x_wconf 85' lang='lat' dir='ltr'><strong>apprehenderunt</strong></span> <span class='ocrx_word' id='word_1_81' title='bbox 1077 1531 1165 1591; x_wconf 85' lang='lat' dir='ltr'><strong>eam,</strong></span> <span class='ocrx_word' id='word_1_82' title='bbox 1192 1515 1227 1579; x_wconf 89' lang='grc'><strong>61</strong></span> 
     </span>
     <span class='ocr_line' id='line_1_11' title="bbox 182 1618 1276 1709; baseline 0.001 -23"><span class='ocrx_word' id='word_1_83' title='bbox 182 1622 349 1689; x_wconf 91' lang='lat' dir='ltr'><strong>miserunt</strong></span> <span class='ocrx_word' id='word_1_84' title='bbox 371 1622 406 1686; x_wconf 91' lang='lat' dir='ltr'><strong>in</strong></span> <span class='ocrx_word' id='word_1_85' title='bbox 422 1621 595 1700; x_wconf 81' lang='lat' dir='ltr'><strong>cacabum,</strong></span> <span class='ocrx_word' id='word_1_86' title='bbox 615 1622 744 1709; x_wconf 88' lang='lat' dir='ltr'><strong>etipsa</strong></span> <span class='ocrx_word' id='word_1_87' title='bbox 765 1621 854 1707; x_wconf 82' lang='lat' dir='ltr'><strong>cepit</strong></span> <span class='ocrx_word' id='word_1_88' title='bbox 868 1619 1014 1707; x_wconf 85' lang='lat' dir='ltr'><strong>psallere</strong></span> <span class='ocrx_word' id='word_1_89' title='bbox 1032 1641 1039 1685; x_wconf 93' lang='lat'><strong>:</strong></span> <span class='ocrx_word' id='word_1_90' title='bbox 1062 1618 1226 1686; x_wconf 85' lang='lat' dir='ltr'><strong>Miserere</strong></span> <span class='ocrx_word' id='word_1_91' title='bbox 1239 1622 1276 1687; x_wconf 86' lang='lat'><strong>10</strong></span> 
     </span>
    </p>
   </div>
   <div class='ocr_carea' id='block_1_4' title="bbox 168 1734 1305 4157">
    <p class='ocr_par' dir='ltr' id='par_1_4' title="bbox 168 1734 1305 3778">
     <span class='ocr_line' id='line_1_12' title="bbox 184 1734 1226 1825; baseline -0.003 -22"><span class='ocrx_word' id='word_1_92' title='bbox 184 1739 260 1817; x_wconf 92' lang='lat' dir='ltr'><strong>mei,</strong></span> <span class='ocrx_word' id='word_1_93' title='bbox 285 1739 386 1816; x_wconf 82' lang='lat' dir='ltr'><strong>Dede,</strong></span> <span class='ocrx_word' id='word_1_94' title='bbox 404 1739 660 1818; x_wconf 89' lang='lat' dir='ltr'><strong>misereremei,</strong></span> <span class='ocrx_word' id='word_1_95' title='bbox 680 1737 837 1825; x_wconf 91' lang='lat' dir='ltr'><strong>quoniam</strong></span> <span class='ocrx_word' id='word_1_96' title='bbox 859 1737 895 1802; x_wconf 90' lang='lat' dir='ltr'><strong>in</strong></span> <span class='ocrx_word' id='word_1_97' title='bbox 909 1740 943 1803; x_wconf 91' lang='lat' dir='ltr'><strong>te</strong></span> <span class='ocrx_word' id='word_1_98' title='bbox 958 1734 1096 1803; x_wconf 84' lang='lat' dir='ltr'><strong>confidit</strong></span> <span class='ocrx_word' id='word_1_99' title='bbox 1112 1735 1226 1801; x_wconf 88' lang='lat' dir='ltr'><strong>anima</strong></span> 
     </span>
     <span class='ocr_line' id='line_1_13' title="bbox 183 1850 1224 1939; baseline -0.003 -20"><span class='ocrx_word' id='word_1_100' title='bbox 183 1874 280 1932; x_wconf 88' lang='lat' dir='ltr'><strong>mea;</strong></span> <span class='ocrx_word' id='word_1_101' title='bbox 313 1857 348 1921; x_wconf 93' lang='lat' dir='ltr'><strong>et</strong></span> <span class='ocrx_word' id='word_1_102' title='bbox 379 1854 416 1920; x_wconf 92' lang='lat' dir='ltr'><strong>in</strong></span> <span class='ocrx_word' id='word_1_103' title='bbox 447 1853 566 1921; x_wconf 85' lang='lat' dir='ltr'><strong>umbra</strong></span> <span class='ocrx_word' id='word_1_104' title='bbox 599 1855 730 1921; x_wconf 89' lang='lat' dir='ltr'><strong>alarum</strong></span> <span class='ocrx_word' id='word_1_105' title='bbox 759 1864 894 1920; x_wconf 86' lang='lat' dir='ltr'><strong>tuarum</strong></span> <span class='ocrx_word' id='word_1_106' title='bbox 932 1850 1086 1939; x_wconf 87' lang='lat' dir='ltr'><strong>sporab0,</strong></span> <span class='ocrx_word' id='word_1_107' title='bbox 1118 1851 1224 1917; x_wconf 90' lang='lat' dir='ltr'><strong>donec</strong></span> 
     </span>
     <span class='ocr_line' id='line_1_14' title="bbox 182 1969 1224 2056; baseline -0.004 -19"><span class='ocrx_word' id='word_1_108' title='bbox 182 1975 338 2038; x_wconf 89' lang='lat' dir='ltr'><strong>transeat</strong></span> <span class='ocrx_word' id='word_1_109' title='bbox 350 1970 524 2056; x_wconf 91' lang='lat' dir='ltr'><strong>iniquitas.</strong></span> <span class='ocrx_word' id='word_1_110' title='bbox 543 1971 671 2036; x_wconf 92' lang='lat' dir='ltr'><strong>Bonum</strong></span> <span class='ocrx_word' id='word_1_111' title='bbox 691 1974 744 2038; x_wconf 89' lang='lat' dir='ltr'><strong>est</strong></span> <span class='ocrx_word' id='word_1_112' title='bbox 759 1988 896 2056; x_wconf 89' lang='lat' dir='ltr'><strong>sperare</strong></span> <span class='ocrx_word' id='word_1_113' title='bbox 915 1969 949 2034; x_wconf 96' lang='lat' dir='ltr'><strong>in</strong></span> <span class='ocrx_word' id='word_1_114' title='bbox 963 1969 1104 2035; x_wconf 92' lang='lat' dir='ltr'><strong>Domino</strong></span> <span class='ocrx_word' id='word_1_115' title='bbox 1124 1987 1224 2054; x_wconf 90' lang='lat' dir='ltr'><strong>quam</strong></span> 
     </span>
     <span class='ocr_line' id='line_1_15' title="bbox 181 2083 1225 2174; baseline -0.001 -23"><span class='ocrx_word' id='word_1_116' title='bbox 181 2104 317 2173; x_wconf 87' lang='lat' dir='ltr'><strong>sperare</strong></span> <span class='ocrx_word' id='word_1_117' title='bbox 334 2086 370 2151; x_wconf 92' lang='lat' dir='ltr'><strong>in</strong></span> <span class='ocrx_word' id='word_1_118' title='bbox 393 2085 615 2173; x_wconf 90' lang='lat' dir='ltr'><strong>principibus,</strong></span> <span class='ocrx_word' id='word_1_119' title='bbox 640 2090 676 2153; x_wconf 91' lang='lat' dir='ltr'><strong>et</strong></span> <span class='ocrx_word' id='word_1_120' title='bbox 694 2105 846 2174; x_wconf 87' lang='lat' dir='ltr'><strong>sperare,</strong></span> <span class='ocrx_word' id='word_1_121' title='bbox 867 2085 1019 2164; x_wconf 90' lang='lat' dir='ltr'><strong>Domine,</strong></span> <span class='ocrx_word' id='word_1_122' title='bbox 1038 2085 1074 2150; x_wconf 92' lang='lat' dir='ltr'><strong>in</strong></span> <span class='ocrx_word' id='word_1_123' title='bbox 1098 2083 1225 2172; x_wconf 87' lang='lat' dir='ltr'><strong>glorio·</strong></span> 
     </span>
     <span class='ocr_line' id='line_1_16' title="bbox 179 2200 1225 2290; baseline 0 -22"><span class='ocrx_word' id='word_1_124' title='bbox 179 2204 314 2270; x_wconf 90' lang='lat' dir='ltr'><strong>sissimo</strong></span> <span class='ocrx_word' id='word_1_125' title='bbox 329 2221 434 2290; x_wconf 85' lang='lat' dir='ltr'><strong>regno</strong></span> <span class='ocrx_word' id='word_1_126' title='bbox 448 2206 519 2270; x_wconf 91' lang='lat' dir='ltr'><strong>tuo.</strong></span> <span class='ocrx_word' id='word_1_127' title='bbox 534 2203 575 2269; x_wconf 93' lang='lat' dir='ltr'><strong>In</strong></span> <span class='ocrx_word' id='word_1_128' title='bbox 591 2202 651 2268; x_wconf 89' lang='lat' dir='ltr'><strong>illa</strong></span> <span class='ocrx_word' id='word_1_129' title='bbox 663 2201 759 2286; x_wconf 86' lang='lat' dir='ltr'><strong>hora,</strong></span> <span class='ocrx_word' id='word_1_130' title='bbox 781 2202 875 2268; x_wconf 88' lang='lat' dir='ltr'><strong>venit</strong></span> <span class='ocrx_word' id='word_1_131' title='bbox 892 2201 1032 2290; x_wconf 85' lang='lat' dir='ltr'><strong>angelus</strong></span> <span class='ocrx_word' id='word_1_132' title='bbox 1044 2200 1176 2268; x_wconf 89' lang='lat' dir='ltr'><strong>Domini</strong></span> <span class='ocrx_word' id='word_1_133' title='bbox 1190 2204 1225 2268; x_wconf 90' lang='lat' dir='ltr'><strong>et</strong></span> 
     </span>
     <span class='ocr_line' id='line_1_17' title="bbox 176 2317 1225 2404; baseline -0.001 -20"><span class='ocrx_word' id='word_1_134' title='bbox 176 2319 347 2387; x_wconf 88' lang='lat' dir='ltr'><strong>subvertit</strong></span> <span class='ocrx_word' id='word_1_135' title='bbox 369 2317 528 2385; x_wconf 88' lang='lat' dir='ltr'><strong>cacabum</strong></span> <span class='ocrx_word' id='word_1_136' title='bbox 552 2322 588 2386; x_wconf 93' lang='lat' dir='ltr'><strong>et</strong></span> <span class='ocrx_word' id='word_1_137' title='bbox 611 2318 759 2404; x_wconf 82' lang='lat' dir='ltr'><strong>aspersit</strong></span> <span class='ocrx_word' id='word_1_138' title='bbox 785 2336 906 2402; x_wconf 86' lang='lat' dir='ltr'><strong>aquam</strong></span> <span class='ocrx_word' id='word_1_139' title='bbox 930 2317 965 2382; x_wconf 94' lang='lat' dir='ltr'><strong>in</strong></span> <span class='ocrx_word' id='word_1_140' title='bbox 993 2317 1136 2385; x_wconf 91' lang='lat' dir='ltr'><strong>circuitu</strong></span> <span class='ocrx_word' id='word_1_141' title='bbox 1165 2335 1225 2404; x_wconf 88' lang='lat' dir='ltr'><strong>per</strong></span> 
     </span>
     <span class='ocr_line' id='line_1_18' title="bbox 173 2433 1225 2521; baseline -0.004 -17"><span class='ocrx_word' id='word_1_142' title='bbox 173 2440 303 2514; x_wconf 87' lang='lat' dir='ltr'><strong>totum,</strong></span> <span class='ocrx_word' id='word_1_143' title='bbox 323 2439 358 2503; x_wconf 93' lang='grc'><strong>61</strong></span> <span class='ocrx_word' id='word_1_144' title='bbox 375 2435 432 2521; x_wconf 90' lang='grc'><strong>661</strong></span> <span class='ocrx_word' id='word_1_145' title='bbox 452 2436 488 2500; x_wconf 89' lang='grc'><strong>16</strong></span> <span class='ocrx_word' id='word_1_146' title='bbox 502 2435 644 2501; x_wconf 87' lang='lat' dir='ltr'><strong>circuitu</strong></span> <span class='ocrx_word' id='word_1_147' title='bbox 660 2438 759 2500; x_wconf 89' lang='lat' dir='ltr'><strong>erant</strong></span> <span class='ocrx_word' id='word_1_148' title='bbox 778 2434 903 2500; x_wconf 92' lang='lat' dir='ltr'><strong>mortui</strong></span> <span class='ocrx_word' id='word_1_149' title='bbox 919 2437 1010 2502; x_wconf 90' lang='lat' dir='ltr'><strong>sunt.</strong></span> <span class='ocrx_word' id='word_1_150' title='bbox 1027 2433 1148 2502; x_wconf 86' lang='lat' dir='ltr'><strong>Stabat</strong></span> <span class='ocrx_word' id='word_1_151' title='bbox 1168 2453 1225 2501; x_wconf 89' lang='lat' dir='ltr'><strong>au·</strong></span> 
     </span>
     <span class='ocr_line' id='line_1_19' title="bbox 173 2551 1224 2642; baseline -0.003 -18"><span class='ocrx_word' id='word_1_152' title='bbox 173 2562 246 2625; x_wconf 87' lang='lat' dir='ltr'><strong>tem</strong></span> <span class='ocrx_word' id='word_1_153' title='bbox 260 2574 324 2621; x_wconf 84' lang='lat' dir='ltr'><strong>rex</strong></span> <span class='ocrx_word' id='word_1_154' title='bbox 346 2555 521 2642; x_wconf 86' lang='lat' dir='ltr'><strong>Asclipeus</strong></span> <span class='ocrx_word' id='word_1_155' title='bbox 537 2575 613 2620; x_wconf 89' lang='lat' dir='ltr'><strong>oum</strong></span> <span class='ocrx_word' id='word_1_156' title='bbox 632 2554 710 2620; x_wconf 90' lang='lat' dir='ltr'><strong>aliis</strong></span> <span class='ocrx_word' id='word_1_157' title='bbox 723 2552 891 2621; x_wconf 90' lang='lat' dir='ltr'><strong>ministris</strong></span> <span class='ocrx_word' id='word_1_158' title='bbox 910 2551 1060 2641; x_wconf 86' lang='lat' dir='ltr'><strong>alonge,</strong></span> <span class='ocrx_word' id='word_1_159' title='bbox 1083 2556 1118 2621; x_wconf 92' lang='lat' dir='ltr'><strong>et</strong></span> <span class='ocrx_word' id='word_1_160' title='bbox 1138 2551 1224 2621; x_wconf 82' lang='lat' dir='ltr'><strong>vidit</strong></span> 
     </span>
     <span class='ocr_line' id='line_1_20' title="bbox 172 2669 1224 2758; baseline -0.002 -21"><span class='ocrx_word' id='word_1_161' title='bbox 172 2670 266 2758; x_wconf 90' lang='grc'><strong>6661</strong></span> <span class='ocrx_word' id='word_1_162' title='bbox 282 2670 408 2738; x_wconf 88' lang='lat' dir='ltr'><strong>factum</strong></span> <span class='ocrx_word' id='word_1_163' title='bbox 426 2669 550 2748; x_wconf 89' lang='lat' dir='ltr'><strong>fuerat,</strong></span> <span class='ocrx_word' id='word_1_164' title='bbox 569 2675 604 2738; x_wconf 89' lang='lat' dir='ltr'><strong>et</strong></span> <span class='ocrx_word' id='word_1_165' title='bbox 619 2669 871 2738; x_wconf 88' lang='lat' dir='ltr'><strong>lamentabatur</strong></span> <span class='ocrx_word' id='word_1_166' title='bbox 891 2689 991 2757; x_wconf 91' lang='lat' dir='ltr'><strong>super</strong></span> <span class='ocrx_word' id='word_1_167' title='bbox 1007 2689 1123 2735; x_wconf 91' lang='lat' dir='ltr'><strong>omnes</strong></span> <span class='ocrx_word' id='word_1_168' title='bbox 1138 2689 1224 2735; x_wconf 82' lang='lat' dir='ltr'><strong>mor-</strong></span> 
     </span>
     <span class='ocr_line' id='line_1_21' title="bbox 172 2785 1272 2874; baseline 0 -21"><span class='ocrx_word' id='word_1_169' title='bbox 172 2792 269 2868; x_wconf 87' lang='lat' dir='ltr'><strong>tuos,</strong></span> <span class='ocrx_word' id='word_1_170' title='bbox 286 2790 321 2854; x_wconf 90' lang='grc'><strong>61</strong></span> <span class='ocrx_word' id='word_1_171' title='bbox 333 2785 466 2854; x_wconf 85' lang='grc'><strong>1166161</strong></span> <span class='ocrx_word' id='word_1_172' title='bbox 483 2807 491 2852; x_wconf 90' lang='lat'>:</span> <span class='ocrx_word' id='word_1_173' title='bbox 515 2785 601 2863; x_wconf 83' lang='lat' dir='ltr'><strong>Quid</strong></span> <span class='ocrx_word' id='word_1_174' title='bbox 618 2785 761 2852; x_wconf 87' lang='lat' dir='ltr'><strong>facimus</strong></span> <span class='ocrx_word' id='word_1_175' title='bbox 774 2786 853 2874; x_wconf 87' lang='lat' dir='ltr'><strong>quia</strong></span> <span class='ocrx_word' id='word_1_176' title='bbox 867 2806 935 2853; x_wconf 91' lang='lat' dir='ltr'><strong>non</strong></span> <span class='ocrx_word' id='word_1_177' title='bbox 950 2806 1128 2873; x_wconf 91' lang='lat' dir='ltr'><strong>possumus</strong></span> <span class='ocrx_word' id='word_1_178' title='bbox 1145 2787 1272 2853; x_wconf 76' lang='lat' dir='ltr'><strong>vin-20</strong></span> 
     </span>
     <span class='ocr_line' id='line_1_22' title="bbox 172 2901 1219 2990; baseline 0.002 -22"><span class='ocrx_word' id='word_1_179' title='bbox 172 2921 254 2968; x_wconf 92' lang='lat' dir='ltr'><strong>cere</strong></span> <span class='ocrx_word' id='word_1_180' title='bbox 276 2902 426 2988; x_wconf 84' lang='lat' dir='ltr'><strong>magicas</strong></span> <span class='ocrx_word' id='word_1_181' title='bbox 452 2905 544 2969; x_wconf 89' lang='lat' dir='ltr'><strong>artes</strong></span> <span class='ocrx_word' id='word_1_182' title='bbox 561 2901 645 2990; x_wconf 90' lang='lat' dir='ltr'><strong>ejus.</strong></span> <span class='ocrx_word' id='word_1_183' title='bbox 666 2901 926 2990; x_wconf 83' lang='lat' dir='ltr'><strong>Responderunt</strong></span> <span class='ocrx_word' id='word_1_184' title='bbox 942 2908 976 2971; x_wconf 90' lang='lat' dir='ltr'><strong>et</strong></span> <span class='ocrx_word' id='word_1_185' title='bbox 992 2902 1153 2970; x_wconf 86' lang='lat' dir='ltr'><strong>dixerunt</strong></span> <span class='ocrx_word' id='word_1_186' title='bbox 1168 2903 1219 2970; x_wconf 91' lang='lat' dir='ltr'><strong>ei:</strong></span> 
     </span>
     <span class='ocr_line' id='line_1_23' title="bbox 172 3015 1221 3105; baseline -0.001 -21"><span class='ocrx_word' id='word_1_187' title='bbox 172 3017 212 3084; x_wconf 86' lang='lat' dir='ltr'><strong>Si</strong></span> <span class='ocrx_word' id='word_1_188' title='bbox 237 3037 313 3084; x_wconf 91' lang='lat' dir='ltr'><strong>eam</strong></span> <span class='ocrx_word' id='word_1_189' title='bbox 340 3015 583 3097; x_wconf 66' lang='lat' dir='ltr'><strong>dimiserimus</strong></span> <span class='ocrx_word' id='word_1_190' title='bbox 615 3019 700 3086; x_wconf 91' lang='lat' dir='ltr'><strong>scito</strong></span> <span class='ocrx_word' id='word_1_191' title='bbox 723 3019 803 3104; x_wconf 93' lang='grc'><strong>6616</strong></span> <span class='ocrx_word' id='word_1_192' title='bbox 825 3021 935 3087; x_wconf 90' lang='lat' dir='ltr'><strong>totum</strong></span> <span class='ocrx_word' id='word_1_193' title='bbox 957 3038 1099 3105; x_wconf 85' lang='lat' dir='ltr'><strong>regnum</strong></span> <span class='ocrx_word' id='word_1_194' title='bbox 1126 3023 1221 3086; x_wconf 92' lang='lat' dir='ltr'><strong>tuum</strong></span> 
     </span>
     <span class='ocr_line' id='line_1_24' title="bbox 172 3131 1222 3219; baseline 0.002 -20"><span class='ocrx_word' id='word_1_195' title='bbox 172 3131 296 3200; x_wconf 89' lang='lat' dir='ltr'><strong>credet</strong></span> <span class='ocrx_word' id='word_1_196' title='bbox 314 3133 349 3198; x_wconf 91' lang='lat' dir='ltr'><strong>in</strong></span> <span class='ocrx_word' id='word_1_197' title='bbox 373 3152 459 3199; x_wconf 88' lang='lat' dir='ltr'><strong>eam.</strong></span> <span class='ocrx_word' id='word_1_198' title='bbox 477 3131 541 3200; x_wconf 86' lang='lat' dir='ltr'><strong>Sed</strong></span> <span class='ocrx_word' id='word_1_199' title='bbox 556 3131 642 3219; x_wconf 92' lang='lat' dir='ltr'><strong>quod</strong></span> <span class='ocrx_word' id='word_1_200' title='bbox 661 3132 780 3200; x_wconf 89' lang='lat' dir='ltr'><strong>amodo</strong></span> <span class='ocrx_word' id='word_1_201' title='bbox 797 3132 894 3202; x_wconf 90' lang='lat' dir='ltr'><strong>finita</strong></span> <span class='ocrx_word' id='word_1_202' title='bbox 915 3138 968 3202; x_wconf 87' lang='lat' dir='ltr'><strong>est</strong></span> <span class='ocrx_word' id='word_1_203' title='bbox 992 3134 1164 3202; x_wconf 90' lang='grc'><strong>666166616</strong></span> <span class='ocrx_word' id='word_1_204' title='bbox 1183 3137 1222 3201; x_wconf 89' lang='grc'><strong>61</strong></span> 
     </span>
     <span class='ocr_line' id='line_1_25' title="bbox 168 3234 1219 3338; baseline -0.002 -23"><span class='ocrx_word' id='word_1_205' title='bbox 168 3247 282 3316; x_wconf 75' lang='lat' dir='ltr'><strong>radat</strong></span> <span class='ocrx_word' id='word_1_206' title='bbox 304 3247 347 3315; x_wconf 89' lang='lat' dir='ltr'><strong>ad</strong></span> <span class='ocrx_word' id='word_1_207' title='bbox 362 3267 503 3336; x_wconf 87' lang='lat' dir='ltr'><strong>regnum</strong></span> <span class='ocrx_word' id='word_1_208' title='bbox 526 3269 635 3327; x_wconf 90' lang='lat' dir='ltr'><strong>suum,</strong></span> <span class='ocrx_word' id='word_1_209' title='bbox 659 3250 738 3336; x_wconf 89' lang='lat' dir='ltr'><strong>quia</strong></span> <span class='ocrx_word' id='word_1_210' title='bbox 758 3251 866 3338; x_wconf 89' lang='lat' dir='ltr'><strong>ipsam</strong></span> <span class='ocrx_word' id='word_1_211' title='bbox 895 3248 1008 3318; x_wconf 82' lang='lat' dir='ltr'><strong>audivi</strong></span> <span class='ocrx_word' id='word_1_212' title='bbox 1031 3234 1219 3318; x_wconf 84' lang='lat' dir='ltr'><strong>dicentem:</strong></span> 
     </span>
     <span class='ocr_line' id='line_1_26' title="bbox 174 3363 1305 3453; baseline 0.004 -23"><span class='ocrx_word' id='word_1_213' title='bbox 174 3365 245 3431; x_wconf 89' lang='lat' dir='ltr'><strong>Per</strong></span> <span class='ocrx_word' id='word_1_214' title='bbox 260 3369 296 3431; x_wconf 89' lang='lat' dir='ltr'><strong>te</strong></span> <span class='ocrx_word' id='word_1_215' title='bbox 311 3364 393 3430; x_wconf 92' lang='lat' dir='ltr'><strong>mihi</strong></span> <span class='ocrx_word' id='word_1_216' title='bbox 415 3363 457 3431; x_wconf 94' lang='grc'><strong>61</strong></span> <span class='ocrx_word' id='word_1_217' title='bbox 472 3365 578 3431; x_wconf 90' lang='lat' dir='ltr'><strong>celum</strong></span> <span class='ocrx_word' id='word_1_218' title='bbox 592 3366 649 3432; x_wconf 87' lang='lat' dir='ltr'><strong>via</strong></span> <span class='ocrx_word' id='word_1_219' title='bbox 664 3366 757 3432; x_wconf 89' lang='lat' dir='ltr'><strong>clara</strong></span> <span class='ocrx_word' id='word_1_220' title='bbox 772 3365 888 3453; x_wconf 85' lang='lat' dir='ltr'><strong>fulget.</strong></span> <span class='ocrx_word' id='word_1_221' title='bbox 907 3366 980 3432; x_wconf 93' lang='lat' dir='ltr'><strong>Hoc</strong></span> <span class='ocrx_word' id='word_1_222' title='bbox 1000 3370 1113 3433; x_wconf 88' lang='lat' dir='ltr'><strong>autem</strong></span> <span class='ocrx_word' id='word_1_223' title='bbox 1128 3365 1221 3434; x_wconf 87' lang='lat' dir='ltr'><strong>dice·</strong></span> <span class='ocrx_word' id='word_1_224' title='bbox 1301 3408 1305 3415; x_wconf 92' lang='lat'>·</span> 
     </span>
     <span class='ocr_line' id='line_1_27' title="bbox 176 3477 1221 3572; baseline 0.005 -28"><span class='ocrx_word' id='word_1_225' title='bbox 176 3477 237 3546; x_wconf 90' lang='lat' dir='ltr'><strong>bat</strong></span> <span class='ocrx_word' id='word_1_226' title='bbox 248 3479 291 3545; x_wconf 91' lang='lat' dir='ltr'><strong>de</strong></span> <span class='ocrx_word' id='word_1_227' title='bbox 306 3485 415 3549; x_wconf 90' lang='lat' dir='ltr'><strong>morte</strong></span> <span class='ocrx_word' id='word_1_228' title='bbox 431 3481 592 3568; x_wconf 90' lang='grc'><strong>6666661</strong></span> <span class='ocrx_word' id='word_1_229' title='bbox 609 3482 777 3551; x_wconf 90' lang='lat' dir='ltr'><strong>credimus</strong></span> <span class='ocrx_word' id='word_1_230' title='bbox 792 3484 835 3548; x_wconf 89' lang='lat' dir='ltr'><strong>ei.</strong></span> <span class='ocrx_word' id='word_1_231' title='bbox 856 3484 950 3549; x_wconf 90' lang='lat' dir='ltr'><strong>Tunc</strong></span> <span class='ocrx_word' id='word_1_232' title='bbox 965 3483 1134 3552; x_wconf 89' lang='lat' dir='ltr'><strong>ordinavit</strong></span> <span class='ocrx_word' id='word_1_233' title='bbox 1151 3485 1221 3572; x_wconf 91' lang='lat' dir='ltr'><strong>spi-</strong></span> 
     </span>
     <span class='ocr_line' id='line_1_28' title="bbox 173 3595 1222 3688; baseline 0.006 -27"><span class='ocrx_word' id='word_1_234' title='bbox 173 3595 360 3678; x_wconf 88' lang='lat' dir='ltr'><strong>culatores,</strong></span> <span class='ocrx_word' id='word_1_235' title='bbox 377 3605 416 3666; x_wconf 87' lang='lat' dir='ltr'><strong>ut</strong></span> <span class='ocrx_word' id='word_1_236' title='bbox 435 3602 651 3686; x_wconf 84' lang='lat' dir='ltr'><strong>amputarent</strong></span> <span class='ocrx_word' id='word_1_237' title='bbox 672 3599 778 3688; x_wconf 88' lang='lat' dir='ltr'><strong>capud</strong></span> <span class='ocrx_word' id='word_1_238' title='bbox 793 3600 865 3687; x_wconf 87' lang='lat' dir='ltr'><strong>ejus</strong></span> <span class='ocrx_word' id='word_1_239' title='bbox 886 3598 1067 3667; x_wconf 87' lang='lat' dir='ltr'><strong>secundum</strong></span> <span class='ocrx_word' id='word_1_240' title='bbox 1083 3605 1222 3669; x_wconf 91' lang='lat' dir='ltr'><strong>senten-</strong></span> 
     </span>
     <span class='ocr_line' id='line_1_29' title="bbox 180 3731 280 3778; baseline 0.02 -2"><span class='ocrx_word' id='word_1_241' title='bbox 180 3731 280 3778; x_wconf 83' lang='lat' dir='ltr'><strong>cram.</strong></span> 
     </span>
    </p>

    <p class='ocr_par' dir='ltr' id='par_1_5' title="bbox 224 3823 864 3916">
     <span class='ocr_line' id='line_1_30' title="bbox 224 3823 864 3916; baseline -0.002 -17"><span class='ocrx_word' id='word_1_242' title='bbox 224 3823 258 3899; x_wconf 70' lang='grc'><strong>1.</strong></span> <span class='ocrx_word' id='word_1_243' title='bbox 273 3827 398 3901; x_wconf 82' lang='lat' dir='ltr'><strong>Audivi</strong></span> <span class='ocrx_word' id='word_1_244' title='bbox 415 3847 544 3898; x_wconf 84' lang='lat' dir='ltr'><strong>vocem.</strong></span> <span class='ocrx_word' id='word_1_245' title='bbox 570 3841 599 3916; x_wconf 77' lang='lat' dir='ltr'><strong>p.</strong></span> <span class='ocrx_word' id='word_1_246' title='bbox 625 3832 739 3898; x_wconf 89' lang='lat' dir='ltr'><strong>Media</strong></span> <span class='ocrx_word' id='word_1_247' title='bbox 754 3837 864 3901; x_wconf 90' lang='lat' dir='ltr'><strong>nocte.</strong></span> 
     </span>
    </p>

    <p class='ocr_par' dir='ltr' id='par_1_6' title="bbox 184 3945 1271 4157">
     <span class='ocr_line' id='line_1_31' title="bbox 225 3945 1271 4040; baseline 0.01 -29"><span class='ocrx_word' id='word_1_248' title='bbox 225 3946 331 4013; x_wconf 78' lang='lat' dir='ltr'><strong>Lectio</strong></span> <span class='ocrx_word' id='word_1_249' title='bbox 350 3945 562 4013; x_wconf 76' lang='grc'><strong>1661661666.</strong></span> <span class='ocrx_word' id='word_1_250' title='bbox 583 3945 664 4013; x_wconf 84' lang='lat' dir='ltr'><strong>Cum</strong></span> <span class='ocrx_word' id='word_1_251' title='bbox 685 3946 828 4017; x_wconf 81' lang='lat' dir='ltr'><strong>vidisset</strong></span> <span class='ocrx_word' id='word_1_252' title='bbox 852 3952 971 4016; x_wconf 89' lang='lat' dir='ltr'><strong>sancta</strong></span> <span class='ocrx_word' id='word_1_253' title='bbox 987 3950 1122 4019; x_wconf 82' lang='lat' dir='ltr'><strong>Venere</strong></span> <span class='ocrx_word' id='word_1_254' title='bbox 1143 3953 1221 4040; x_wconf 90' lang='grc'><strong>6616</strong></span> <span class='ocrx_word' id='word_1_255' title='bbox 1232 3957 1271 4025; x_wconf 87' lang='lat'><strong>30</strong></span> 
     </span>
     <span class='ocr_line' id='line_1_32' title="bbox 184 4046 1221 4157; baseline 0.006 -27"><span class='ocrx_word' id='word_1_256' title='bbox 184 4065 274 4132; x_wconf 89' lang='grc'><strong>16166</strong></span> <span class='ocrx_word' id='word_1_257' title='bbox 292 4083 412 4133; x_wconf 89' lang='lat' dir='ltr'><strong>cursus</strong></span> <span class='ocrx_word' id='word_1_258' title='bbox 421 4046 674 4150; x_wconf 81' lang='lat' dir='ltr'><strong>consummatus</strong></span> <span class='ocrx_word' id='word_1_259' title='bbox 689 4070 792 4149; x_wconf 83' lang='lat' dir='ltr'><strong>esset,</strong></span> <span class='ocrx_word' id='word_1_260' title='bbox 809 4070 844 4136; x_wconf 90' lang='lat' dir='ltr'><strong>et</strong></span> <span class='ocrx_word' id='word_1_261' title='bbox 858 4070 990 4155; x_wconf 90' lang='lat' dir='ltr'><strong>tempus</strong></span> <span class='ocrx_word' id='word_1_262' title='bbox 1004 4071 1042 4138; x_wconf 89' lang='lat' dir='ltr'><strong>ut</strong></span> <span class='ocrx_word' id='word_1_263' title='bbox 1056 4089 1116 4157; x_wconf 91' lang='lat' dir='ltr'><strong>per</strong></span> <span class='ocrx_word' id='word_1_264' title='bbox 1132 4071 1221 4149; x_wconf 80' lang='lat' dir='ltr'><strong>riam</strong></span> 
     </span>
    </p>
   </div>
   <div class='ocr_carea' id='block_1_5' title="bbox 0 0 1400 4792">
    <p class='ocr_par' dir='ltr' id='par_1_7' title="bbox 0 0 1400 4792">
     <span class='ocr_line' id='line_1_33' title="bbox 0 0 1400 4792; baseline 0 0"><span class='ocrx_word' id='word_1_265' title='bbox 0 0 1400 4792; x_wconf 95' lang='lat' dir='ltr'><strong> </strong></span> 
     </span>
    </p>
   </div>
  </div>
 </body>
</html>
