2790 4792
588 440 787 507 -167-

217 588 319 657 15.-
333 584 474 651 Ydibus.
487 618 530 634 -
544 583 667 651 Petrus
689 582 856 661 Barellus,
869 603 930 669 pro
947 603 1012 668 quo
1021 580 1120 649 debet
1132 582 1210 649 the·

176 702 350 768 saurarius
370 719 470 784 super
483 699 615 764 vineam
631 717 694 783 que
711 702 763 765 est
779 699 815 762 in
831 696 1073 775 Bello-Monte,
1090 697 1114 762 ii
1128 717 1153 762 s.
1173 716 1207 781 p.

205 813 391 860 'thesaurarius

217 902 304 968 Item
330 899 423 966 Obiit
449 898 650 981 Hodeardis,
675 921 736 987 pro
758 922 824 987 qua
847 899 1207 976 debetthesaurarius,

175 1036 274 1102 super
297 1017 431 1081 vineam
458 1036 521 1100 que
538 1020 592 1082 est
612 1016 679 1084 sita
693 1017 729 1081 in
745 1020 859 1084 tractu
875 1015 1058 1082 Theobaldi
1078 1015 1101 1082 ii
1123 1035 1150 1082 s.
1174 1036 1207 1100 p.

202 1131 389 1179 Thesaururius.

216 1222 301 1287 Item
312 1219 405 1288 Obiit
419 1219 555 1306 Sedilia,
572 1239 633 1306 pro
654 1239 719 1305 qua
734 1217 833 1286 debet
845 1219 1093 1298 thesaurarius,
1110 1238 1210 1307 super

175 1336 307 1401 vineam
323 1355 386 1420 que
401 1335 503 1401 estin
521 1334 759 1418 Bello-Monte,
776 1356 796 1402 v
814 1354 841 1400 s.
857 1356 890 1421 p.

201 1449 388 1500 lhasaurarius.

214 1539 316 1605 l6.-
329 1537 429 1604 XVII
445 1537 616 1604 Kalendas
630 1539 818 1626 Aprilis-
834 1537 1001 1606 Obierunt
1019 1538 1210 1606 Hulduinus

172 1652 413 1737 etPetronilla,
431 1654 503 1719 eius
526 1673 624 1733 uxor,
639 1654 761 1722 Petrus
784 1657 818 1720 at
832 1645 982 1720 Emelina
1007 1674 1068 1742 pro
1090 1654 1209 1741 quibus

174 1768 276 1836 habet
289 1773 486 1848 conventus,
502 1789 602 1855 super
616 1769 751 1849 domum
767 1788 839 1835 cum
857 1769 1007 1856 porpisia
1026 1789 1089 1855 que
1107 1768 1172 1836 fuit
1190 1772 1211 1834 a

173 1885 205 1950 la
217 1883 415 1970 Charpaude
435 1885 476 1951 ab
492 1887 654 1972 oppositis
671 1884 790 1951 domus
807 1885 963 1972 magistri
987 1884 1152 1951 Johannis
1169 1883 1210 1950 de

172 1999 358 2077 Sinemuro,
380 2001 430 2065 iiii
455 2020 482 2064 s.
503 2005 542 2080 t,
557 2001 591 2065 vi
611 2000 644 2064 d.
664 2000 858 2077 elemosina,
875 2000 910 2065 vi
924 1999 956 2064 d.
973 1998 1175 2085 pulsatores.

201 2109 328 2157 Dionisius
344 2109 455 2156 Chuhins
468 2107 512 2171 (l).

216 2200 317 2264 l7.-
333 2197 416 2263 XVI
433 2198 511 2264 Kal.
527 2235 570 2246 -
594 2197 657 2267 Ob.

215 2316 265 2379 rs.
284 2349 325 2363 -
340 2314 405 2379 xv
434 2313 512 2379 nar.
540 2351 583 2360 -
608 2313 700 2381 obiit
725 2308 920 2407 'ursanum
959 2298 1080 2382 renea
1108 2315 1210 2391 ,reor

174 2428 320 2504 Echalle,
340 2448 400 2513 pro
428 2448 493 2513 qua
520 2427 623 2494 habet
654 2437 851 2507 conventus,
884 2447 984 2514 super
1015 2429 1146 2495 vineam
1174 2430 1208 2493 in

176 2542 402 2625 Bello-Monte
409 2542 510 2628 juxta
527 2543 659 2608 vineam
676 2542 914 2620 elemosinarii,
932 2544 1011 2608 iiis.
1033 2565 1065 2629 p.

211 2644 277 2721 Pro
306 2655 421 2721 eodem
443 2657 692 2738 anniversarie,
721 2677 820 2743 super
852 2656 994 2723 domum.
1009 2659 1094 2725 itam
1129 2662 1208 2725 ante

172 2771 409 2836 monasterium
429 2775 596 2849 nostrum,
615 2792 678 2857 que
693 2771 759 2838 fuit
779 2770 862 2838 dioti
879 2757 985 2851 Petri,
1010 2772 1112 2840 habet
1126 2790 1208 2837 con·

173 2888 290 2950 ventus
310 2885 334 2949 ii
352 2905 380 2949 s.
398 2907 446 2971 p.,
461 2885 536 2951 vid.
559 2885 752 2964 elemosina,
770 2886 850 2961 uid.
868 2886 1070 2972 pulsatores.

201 2997 334 3054 lohannes,
352 2997 370 3045 li
385 2998 501 3056 cordiam,
514 3011 590 3059 gener
604 2998 697 3046 Morelli
709 2997 752 3061 (a).

202 3087 321 3132 lisitanae
333 3089 363 3132 de
374 3087 450 3133 Breie
462 3087 523 3132 xviii
537 3089 564 3134 d.
573 3100 601 3143 p.

202 3175 292 3220 Petrus
304 3178 328 3220 et
340 3175 470 3220 lohannes
480 3177 511 3220 de
522 3175 779 3223 Sancto-Florentino
793 3179 855 3223 xviii
870 3178 896 3226 d.
912 3192 940 3235 p.

201 3264 307 3308 curatus
323 3263 533 3310 Beati-Maurico
546 3264 636 3320 xviiip
642 3297 823 3319 ............
837 3268 869 3312 de
880 3269 957 3314 choro
974 3265 1060 3312 Sancti
1073 3263 1205 3324 Stephani.

204 3348 297 3397 Dinous
311 3349 348 3396 xii
361 3350 386 3396 d.
398 3361 450 3410 par.
464 3375 494 3384 -
503 3351 622 3398 llohertus
634 3351 652 3398 li
668 3353 786 3400 llormuut
802 3354 837 3401 xii
855 3355 880 3402 d.
896 3367 921 3415 p.
1003 3355 1008 3361 '

203 3436 245 3482 Les
254 3437 318 3483 tillus
327 3436 390 3484 Felis
400 3436 423 3484 la
438 3439 496 3485 Noir
506 3439 540 3485 xii
549 3453 603 3499 par.

205 3524 304 3583 laquata
317 3525 445 3573 Boulillior
460 3527 498 3573 vii
506 3540 533 3587 p.
546 3541 620 3588 super
636 3529 737 3576 domum
752 3543 835 3577 suam.

221 3612 318 3677 ro-
330 3597 433 3679 xnn
447 3615 573 3682 nai-
591 3616 651 3685 oo.

204 3854 237 3916 (l)
255 3857 351 3905 lubins.
371 3859 405 3906 lis
418 3862 456 3912 56.

204 3943 236 4007 (a)
253 3947 285 3993 Le
296 3958 334 3994 ms
352 3949 380 3995 56
394 3961 426 3995 ne
439 3948 486 3996 cita
505 3963 550 4011 pus
570 3951 605 3999 les
619 3957 704 4013 quatre
718 3966 789 4001 noms
807 3955 851 4015 qui
868 3957 983 4017 suivant3
1004 3959 1022 4006 il
1043 3962 1092 4009 mat
1106 3973 1137 4008 on
1152 3959 1206 4011 leur

176 4032 238 4090 plane
250 4036 379 4083 lohannes
389 4039 420 4083 de
431 4039 455 4084 la
464 4039 556 4102 Monte,
568 4042 649 4090 dictus
658 4045 689 4090 da
699 4044 821 4102 Jouency,
835 4045 898 4092 xuiii
907 4047 933 4093 d.
944 4060 1002 4104 par.
