2790 4792
546 415 743 484 ..155-

124 559 194 626 dux
208 562 389 648 Aquitanie
407 567 441 631 et
455 562 637 629 monachus
650 561 749 648 hujus
765 560 842 636 loci,
858 558 953 644 cujus
968 557 1162 622 anniversa·

124 680 213 744 rium
230 679 383 747 iacimus.
401 681 517 747 Abbas
531 679 630 747 debet
643 680 823 746 elemosine
841 677 887 742 xii
904 676 936 741 d.
954 695 1025 761 par.

158 796 240 843 Abbas
256 796 336 844 debet.

173 884 458 951 7.-V11Yd.-
478 883 570 952 Obiit
583 883 763 962 Ouiardus,
780 882 888 962 miles,
909 902 1048 970 proquo
1066 880 1164 947 debet

128 999 335 1066 infirmarius
355 1022 377 1067 v
396 1020 424 1066 s.
446 1020 642 1086 par.super
667 999 713 1066 lx.
743 998 880 1077 solidos,
912 1019 995 1084 quos
1023 997 1165 1084 percipit

128 1117 304 1182 annuatim
322 1117 357 1182 in
376 1114 462 1183 festo
478 1115 850 1183 Omnium-Sanctorum
866 1115 1010 1202 aprione
1027 1113 1162 1180 Sancti-

131 1231 251 1297 Baudi.
978 1240 981 1245 '

160 1347 324 1396 murmanus.

175 1438 266 1504 Obiit
288 1437 395 1504 (luido
411 1437 452 1503 de
470 1437 619 1520 Lisiniis‚
641 1437 829 1524 presbyter,
850 1436 1042 1523 capellanus
1058 1455 1165 1521 quon-

130 1555 208 1621 dam
223 1553 454 1639 deMaleyotO.
473 1555 529 1640 qui
544 1553 638 1620 dedit
651 1574 679 1620 c.
698 1552 759 1619 sol.
776 1557 843 1619 tur.
864 1552 905 1618 ad
921 1551 1079 1618 emendos
1094 1549 1166 1616 red-

131 1668 234 1736 ditus.
245 1670 311 1735 Pro
325 1671 403 1752 istu,
414 1669 514 1737 habet
524 1673 706 1736 conuentus
720 1664 819 1755 super
830 1668 962 1734 domum
973 1672 1008 1735 et
1020 1667 1165 1744 vineam,

131 1786 189 1851 hic
208 1785 365 1872 scriptae.

161 1909 229 1957 Istud
244 1909 442 1958 anniversarium
459 1913 613 1970 computatur
629 1910 656 1957 in
670 1911 810 1971 Novembri,
824 1910 882 1969 quia
895 1910 922 1956 in
939 1907 999 1956 festo
1015 1908 1166 1956 Sancti-llar-

132 1999 180 2046 tini
196 1999 317 2059 hyemalis
332 2000 434 2046 debetur
449 2011 506 2046 cum
522 1998 580 2046 aliis
596 1999 775 2046 anniversariis
792 2012 841 2058 que
859 2000 948 2046 debant
965 1999 1038 2055 solvi,
1056 1999 1083 2045 in
1100 1998 1166 2044 dicto

132 2087 201 2148 festo,
217 2089 248 2136 ub
260 2088 311 2135 illis
323 2089 366 2148 qui
378 2091 460 2135 tenent
473 2089 606 2148 quamdam
619 2089 720 2136 domum
730 2089 795 2148 apud
808 2087 1097 2148 Malayum-Vicecomitis
1109 2099 1166 2134 cum

132 2177 254 2236 porprisio
263 2180 287 2224 ct
296 2191 375 2224 unum
388 2180 516 2237 arpentum
528 2177 601 2224 vince
615 2177 690 2224 silum
702 2177 728 2224 in
743 2177 796 2224 loco
806 2177 850 2236 qui
861 2176 1170 2237 diciturSupcr·Gruccm-

133 2268 324 2326 dc-Pusquinoo.
1163 2266 1165 2271 '

177 2367 262 2432 8.-
275 2366 324 2431 VI
338 2365 404 2430 Yd.
430 2401 472 2415 -
497 2364 588 2432 Obiit
606 2363 769 2431 Girardus
790 2364 830 2430 de
850 2364 1030 2444 Plaisseto,
1057 2362 1166 2441 miles,

133 2483 190 2568 qui
206 2480 300 2547 dedit
314 2501 414 2547 unam
427 2485 612 2548 costumam
627 2501 727 2567 super
746 2501 849 2547 unam
865 2501 1047 2557 masuram,
1069 2481 1168 2546 sitam

133 2600 168 2663 in
183 2599 258 2664 vico
279 2595 736 2688 deVilliers-apudMontes,
761 2599 803 2664 Et
830 2603 882 2664 ost
905 2599 971 2663 sita
986 2596 1077 2662 dicta
1104 2617 1170 2662 ma·

134 2732 215 2780 sura
229 2715 320 2783 inter
344 2713 477 2780 domum
499 2713 667 2779 Hodierno
691 2719 725 2780 et
751 2713 884 2778 domum
909 2713 1105 2798 Borangier.
1124 2713 1167 2778 Et

132 2827 274 2897 debetur
288 2829 378 2896 dicta
400 2833 551 2896 costuma
574 2829 608 2893 in
629 2831 777 2896 crastino
801 2831 1000 2897 Nativitatis
1024 2831 1167 2905 Domini,

132 2944 290 3011 videlicet
314 2965 379 3011 una
404 2947 495 3010 mina
518 2966 622 3012 avene
649 2945 691 3011 ad
722 2967 879 3033 magnam
906 2968 1098 3012 mensuram
1128 2947 1168 3013 de

134 3061 374 3139 Donnamaria,
387 3082 454 3126 una
474 3061 601 3147 gallina
616 3063 651 3126 in
665 3061 781 3128 valore
798 3083 857 3128 sex
870 3063 960 3140 den,
974 3063 1038 3128 duo
1052 3084 1166 3149 panes,

134 3176 185 3239 iiii
201 3174 248 3252 d.‚
266 3180 301 3241 et
316 3177 339 3241 i.
358 3176 390 3242 d.
410 3196 540 3242 census.

166 3295 231 3341 Istud
244 3292 442 3340 anniversarium
457 3296 613 3352 computatur
623 3293 649 3339 in
664 3293 789 3340 Decembri
797 3294 857 3352 quia
868 3294 894 3340 in
913 3294 1019 3341 crastino
1029 3295 1165 3342 Natiuitatis

134 3383 234 3432 Domini
244 3383 353 3430 debetur.

178 3485 211 3549 9.
224 3522 268 3530 -
284 3481 392 3548 VYd.
422 3520 462 3531 -
481 3481 574 3550 Obiit
600 3483 737 3569 Symon,
769 3484 914 3548 decanus
938 3481 1170 3560 Nivernensis,

132 3620 193 3687 pro
203 3599 299 3684 cujus
315 3599 546 3665 anniversario
561 3598 721 3665 habemus
739 3601 882 3686 quinque
894 3605 1063 3666 costumas
1081 3599 1168 3686 apud

133 3717 532 3802 Pontes-super-Yonam
549 3715 715 3783 dominica
743 3722 819 3803 post
852 3717 1008 3782 Natalem
1038 3716 1169 3782 Domini

135 3830 387 3921 persolvendas.

167 3950 236 3997 Istud
255 3946 452 3995 anniversarium
470 3950 625 4008 computetur
641 3948 668 3995 in
686 3948 821 3997 Decembri.

181 4049 233 4114 10.
248 4084 293 4095 -
309 4046 377 4113 llll
393 4046 457 4113 Yd.
477 4084 516 4100 —
532 4045 622 4114 Obiit
637 4047 719 4124 Odo,
738 4046 895 4125 decanus,
911 4067 971 4133 pro
993 4066 1057 4133 quo
1070 4045 1167 4113 debet
