2790 4792
596 432 776 499 -88-

162 575 250 641 lacio
281 574 457 655 destituto,
492 574 620 642 fratres
652 575 752 641 istius
780 574 845 640 loci
876 594 897 639 a
924 573 1050 641 domno
1089 576 1209 644 Gilone

164 689 310 756 secundo
337 689 502 768 Cornuti,
532 691 717 757 Senouonsi
740 690 1012 777 archiepiscopo,
1041 693 1152 778 petita
1176 700 1209 762 et

163 808 302 892 optenta
309 805 449 870 licencia
461 805 622 892 eligendi,
637 825 753 870 omues
764 806 821 890 qui
832 809 1018 890 potuerunt
1031 808 1207 874 commode

163 922 328 988 interesse
345 923 380 986 in
396 923 579 1008 capitulum
591 922 634 987 ad
646 921 734 987 diem
748 924 911 1008 prelixum
927 923 1067 989 insimul
1084 945 1209 993 conve-

165 1044 300 1117 nerunt,
316 1045 352 1106 et
365 1040 522 1105 invocata
536 1039 812 1125 Sancti-Spiritus
824 1040 949 1125 gratia,
966 1044 1006 1107 ut
1019 1043 1128 1107 moris
1142 1047 1208 1121 est,

162 1157 295 1222 demum
314 1156 475 1242 perviam
491 1155 646 1221 scrutinii
657 1153 800 1241 quedam
819 1173 899 1241 pars
916 1175 1022 1221 unum
1040 1161 1076 1224 et
1093 1157 1204 1226 altera

162 1273 308 1339 alterum
322 1270 525 1337 discorditer
538 1269 724 1356 elegerunt.
742 1269 807 1344 Qui
819 1289 906 1335 unus
922 1275 1044 1338 contra
1058 1273 1206 1340 alterum

31 1382 34 1387 ’
163 1387 371 1474 appellantes
387 1387 431 1452 ad
447 1385 558 1450 sedem
578 1385 799 1471 apostolicam
817 1392 1046 1455 accesserunt.
1076 1390 1208 1476 Quique

164 1523 278 1570 coram
302 1521 431 1568 summo
455 1501 611 1589 pontifice
625 1502 775 1569 Martino
788 1502 872 1568 1111·
891 1499 939 1588 (1)
955 1510 1205 1589 comparentes

118 1620 299 1709 idquidam
318 1621 467 1705 ipsorum
477 1619 548 1706 juri
560 1640 621 1685 suo
637 1618 849 1685 renunciavit
864 1622 900 1685 et
916 1619 1018 1685 alteri
1038 1621 1209 1689 contradi·

164 1736 268 1804 cendo
292 1734 427 1823 petebat
462 1740 501 1801 ut
540 1736 783 1802 examinationi
808 1735 975 1823 legittime
1000 1735 1203 1822 subjaceret.

164 1852 236 1927 Quo
248 1851 351 1934 facto,
361 1851 533 1939 predictus
545 1873 695 1919 summus
703 1851 856 1940 pontifex
869 1852 910 1919 de
919 1852 1043 1920 domno
1056 1853 1203 1940 Symoue

164 1966 328 2055 predicto,
343 1974 424 2035 tunc
438 1969 549 2055 priore
566 1968 607 2034 de
629 1968 648 2033 J
650 1970 804 2056 ogniaco,
821 1988 882 2055 per
896 1969 1074 2034 consilium
1089 1971 1205 2058 cujus-

163 2085 240 2150 dam
260 2084 377 2150 militis
392 2085 527 2150 nomine
547 2083 678 2150 Gilonis
699 2084 740 2151 de
754 2087 888 2164 Boione,
908 2086 965 2171 qui
978 2085 1061 2154 dicti
1081 2089 1204 2154 summi

163 2198 334 2288 pontificis
351 2198 459 2267 frater
476 2204 552 2266 erat
565 2204 600 2267 et
612 2201 743 2266 vicinus
761 2220 801 2266 ac
816 2202 956 2280 amicus,
973 2202 1066 2268 illius
1080 2205 1205 2290 prioris

163 2315 310 2405 providit
334 2315 423 2382 dioto
445 2315 581 2382 cenobio
600 2316 750 2384 viduato.
780 2319 850 2384 Iste
879 2318 1005 2404 Symon
1024 2339 1086 2407 per
1104 2340 1204 2387 man-

165 2433 281 2501 datum
300 2431 520 2519 apostolicum
540 2431 605 2499 luit
620 2451 641 2498 a
655 2432 778 2500 domno
794 2433 912 2499 Gilone
931 2433 1076 2500 secundo
1091 2437 1207 2522 ponti-

163 2549 252 2616 ficali
277 2548 512 2615 benedictione
533 2547 740 2627 benedictus,
764 2555 799 2616 et
817 2551 907 2615 circa
923 2569 1048 2616 annum
1069 2551 1204 2617 Domini

164 2667 212 2732 M.
232 2664 296 2731 CC.
319 2665 559 2750 octogesimum
583 2665 725 2731 tercium
749 2666 784 2729 in
810 2664 900 2731 dicto
929 2670 1047 2732 nostru
1067 2688 1208 2734 monas-

117 2782 251 2858 noterio
270 2783 423 2865 receptus
441 2780 621 2844 cumomni
642 2781 833 2847 reverentia
854 2781 1046 2848 ethonore.
1070 2785 1143 2850 Iste
1165 2786 1205 2851 ob

166 2898 302 2962 nimiam
321 2894 482 2961 familiam
500 2914 599 2980 quam
616 2916 727 2961 secum
747 2895 900 2975 ducebat,
917 2903 1046 2983 partem
1062 2903 1205 2984 pecunie

165 3032 264 3100 quam
285 3011 467 3079 Gaufridus
487 3011 590 3077 abbas
609 3013 644 3077 iu
664 3012 826 3079 thesauro
843 3015 1027 3101 reliquerat
1050 3021 1084 3083 et
1101 3038 1205 3104 pecu-

164 3131 255 3196 niam
270 3148 369 3215 quam
394 3133 544 3213 tempore
574 3129 762 3196 vacationis
785 3127 825 3194 de
853 3129 1039 3197 redditibus
1059 3134 1203 3200 ecclesie

166 3249 395 3332 temperanter
416 3243 558 3311 vivendo
577 3247 810 3311 reservaverat
824 3250 1020 3324 conventus,
1040 3248 1202 3334 expendit

164 3367 245 3430 tunc
262 3360 401 3427 credens
417 3361 556 3427 consilio
572 3381 638 3427 non
655 3360 813 3427 discreto.
839 3361 902 3428 Sed
920 3382 1038 3449 parum
1054 3369 1132 3452 post
1143 3386 1203 3452 per

164 3477 410 3544 exortationem
431 3482 614 3544 conventus
642 3482 676 3544 et
700 3477 876 3543 consilium
901 3478 1077 3562 bonorum,
1099 3501 1204 3548 causa

164 3592 323 3680 adjutorii
344 3612 455 3658 secum
472 3590 613 3658 fratrem
628 3593 646 3657 J
649 3591 788 3658 acobum
805 3591 846 3657 de
858 3592 1130 3681 Champigniaco‚
1150 3600 1204 3665 vi·

164 3729 238 3775 rum
259 3706 454 3795 religiosum
475 3712 574 3793 atque
591 3706 802 3792 laudabilem,
823 3707 1010 3788 advocavit,
1033 3715 1068 3777 et
1093 3713 1201 3798 ipsum

165 3825 301 3892 abbacie
324 3830 577 3912 procuratorem
609 3826 786 3892 constituit
821 3826 1023 3912 generalem,
1054 3832 1089 3894 et
1122 3833 1202 3896 tunc

196 4084 231 4147 (1)
248 4084 279 4145 Le
291 4085 375 4133 chlllru
387 4087 440 4133 1111υ
451 4088 486 4132 ost
497 4098 547 4134 unc
559 4084 671 4133 addition
686 4096 734 4147 peu
748 4087 898 4146 postericurc
914 4100 947 4136 au
965 4091 1036 4138 texto.
