2790 4792
576 373 756 440 „73-

140 515 251 581 sancti
263 513 407 581 Martini
424 514 629 580 Turonensis
644 514 898 602 archiepiscopi.
919 516 1023 584 Retro
1047 517 1182 582 cancel-

139 629 211 694 lun
226 634 278 695 est
298 629 409 695 altare
424 630 458 694 in
474 629 601 696 honore
617 633 810 696 sanctorum
823 634 1014 715 martyrum
1035 631 1185 698 Serotini
1258 665 1263 676 ·

140 748 177 810 et
187 743 363 809 Vinconcii
374 749 409 810 et
421 749 614 810 sanctorum
629 749 819 829 martyrum
844 746 966 811 Felicis
980 750 1015 811 et
1023 745 1177 813 Auberti.

137 857 193 923 Ad
214 856 371 925 dextram
386 856 528 943 predicti
544 858 665 926 altaris
680 864 733 926 est
750 859 858 925 altare
872 861 908 925 in
919 860 1047 926 honore
1068 859 1182 928 beatu·

138 991 216 1038 rum
230 972 459 1058 apostolorum
473 972 612 1050 Thome,
629 973 788 1060 Philippi,
811 974 830 1039 J
833 973 937 1056 acobi,
964 976 1045 1041 item
1066 974 1085 1039 J
1088 973 1182 1041 acobi

142 1093 176 1154 et
194 1089 304 1155 sancti
317 1086 454 1164 Thome,
475 1087 622 1174 episcopi
635 1091 669 1153 et
686 1089 861 1173 martyris.
879 1087 930 1152 Ad
946 1087 1054 1153 levam
1069 1093 1121 1154 est
1136 1088 1183 1154 al·

138 1208 216 1269 tare
232 1201 268 1267 in
287 1201 416 1267 honore
432 1206 625 1268 sanctorum
645 1201 979 1290 iohannis-Baptiste
1005 1206 1040 1268 et
1059 1203 1184 1268 Johan·

138 1316 194 1382 nis
221 1317 366 1403 apostoli
395 1320 430 1382 et
456 1317 688 1403 euvangeliste
711 1322 747 1384 et
776 1321 969 1384 sanctorum
993 1320 1181 1402 martyrum

139 1432 309 1509 Mauricii,
336 1430 502 1517 Dyonisii,
531 1429 684 1506 Fabiani,
712 1426 900 1499 sebastiani
928 1436 962 1498 et
985 1431 1179 1499 Clementis.

140 1546 194 1612 Ad
208 1545 364 1612 dextram
376 1547 412 1611 in
425 1565 525 1611 cruce
545 1546 743 1611 monasterii
762 1551 816 1613 est
829 1546 937 1613 altare
960 1567 1049 1612 nunc
1066 1548 1102 1612 in
1118 1546 1182 1612 ho·
1193 1551 1229 1617 10

139 1680 223 1727 nore
246 1660 345 1728 beate
371 1659 480 1725 Mario
495 1659 658 1746 virginis,
675 1658 766 1726 beati
782 1657 916 1727 Andree
934 1662 1089 1747 apostoli,
1120 1661 1178 1727 sed

139 1777 234 1862 prius
254 1755 371 1844 iuit'in
386 1775 515 1842 honore
527 1776 891 1852 sanctiBartholomei,
908 1779 1017 1845 sancti
1036 1779 1178 1856 Mathei,

139 1890 251 1957 sancti
277 1891 470 1969 Laurencii,
505 1894 698 1957 sanctarum
726 1890 860 1970 Geoilie,
881 1893 996 1971 Lucio,
1022 1894 1177 1981 Agnetis,

137 2005 287 2092 Agathe,
306 2009 340 2071 et
363 2008 558 2072 sanctorum
575 2003 920 2093 confessorumLupi,
937 2006 1097 2075 Germani
1114 2011 1182 2076 Au·

138 2119 394 2188 tissiodorensis
416 2124 451 2187 et
472 2120 640 2207 Nicholey
669 2125 703 2187 et
731 2125 925 2188 sanctorum
950 2125 1179 2209 apostolorum

139 2236 297 2322 Symonis
313 2239 348 2302 et
376 2234 472 2300 lude.
500 2234 553 2300 Ad
579 2237 688 2301 levam
709 2235 775 2303 fuit
799 2237 909 2304 altare
930 2237 1022 2306 beati
1046 2239 1180 2307 Andree

139 2348 299 2436 apostoli,
316 2346 374 2413 sed
390 2367 479 2414 nune
494 2367 560 2413 non
575 2352 628 2415 est
644 2350 763 2434 altare,
783 2351 884 2416 immo
896 2356 996 2437 porta
1008 2352 1048 2419 de
1067 2374 1180 2420 mona·

141 2465 246 2532 sterio
260 2461 304 2529 ad
321 2462 518 2530 claustrum.
547 2464 588 2528 In
606 2464 750 2530 introitu
773 2466 867 2530 chori
891 2471 943 2532 est
966 2466 1074 2534 altare
1089 2467 1181 2535 beati
1291 2541 1293 2546 ,

140 2579 384 2645 Bartholomei.
408 2577 460 2644 Ad
476 2577 585 2674 levam
603 2578 755 2645 crncifixi
772 2584 826 2647 est
843 2580 951 2647 altare
970 2587 1085 2649 sancte
1101 2583 1181 2650 Gru·
1208 2603 1212 2611 ·

140 2694 201 2773 cis,
219 2697 413 2760 sanctorum
426 2690 656 2759 confessorum
666 2692 824 2773 Ebbonis,
840 2694 998 2774 Ursicini,
1012 2697 1181 2764 Ambrosii
1191 2716 1228 2777 20
1354 2726 1360 2736 ·

141 2814 174 2876 et
187 2808 329 2896 Agricii.
344 2807 397 2873 Ad
410 2808 566 2875 dextram
578 2812 630 2875 est
648 2808 758 2876 altare
774 2812 885 2877 saneti
901 2812 1076 2879 Michaelis
1092 2813 1178 2907 quod

140 2925 233 3010 prius
248 2924 314 2999 luit
326 2923 363 2987 in
377 2922 464 2990 turri
485 2927 519 2989 et
536 2927 651 2990 sancte
666 2924 774 2989 Marie
791 2925 1003 3011 Magdalene.

186 3173 229 3220 DE
251 3173 421 3232 RELIQUIIS
445 3174 611 3222 ASANG'FO
632 3174 750 3222 remon
778 3175 845 3223 an
869 3175 1014 3225 NUNGIOS
1037 3179 1137 3228 REGIS

299 3288 343 3336 ΕΤ
368 3288 496 3338 SANCTE
520 3288 787 3337 runonncflrnms
808 3289 1016 3339 IMPE'FRA'FIS

185 3501 226 3565 In
240 3499 357 3566 diebus
371 3500 452 3579 illis,
469 3500 609 3589 regebat
620 3502 732 3569 sedem
745 3505 963 3590 apostolicam
976 3507 1031 3576 uir
1044 3507 1115 3575 vite
1128 3527 1182 3573 ve·

142 3614 316 3694 nerabilis,
333 3619 471 3684 sanctus
484 3617 581 3682 Felix
596 3637 695 3703 pape.
714 3618 809 3688 Misit
820 3626 931 3689 autem
949 3625 1067 3689 sancta
1078 3622 1181 3691 'lheo-

141 3728 305 3795 dechildis
324 3731 466 3797 nuncios
479 3751 553 3798 cum
569 3732 691 3819 legatis
710 3731 828 3801 fratris
851 3737 903 3800 sui
918 3735 1072 3814 Clotarii,
1090 3738 1181 3824 regis

140 3845 365 3912 illustrissimi
381 3846 601 3926 Francorum,
614 3847 656 3913 ad
672 3848 857 3935 predictum
868 3854 1022 3918 sanctum
1035 3852 1179 3918 Felicem

139 3980 199 4048 pro
217 3961 373 4048 reliquiis
389 3948 618 4050 apostolorum
636 3968 670 4030 et
690 3968 880 4051 martyrum
895 3966 1097 4053 optinendis.
1115 3969 1182 4036 Cu-
