2790 4792
569 403 780 486 ⁴-43-

163 548 326 629 occidere,
336 551 377 614 'et
393 526 535 612 Petrum
546 546 701 621 liberare,
718 548 840 613 Petrus
852 547 1009 632 populum
1021 549 1155 633 rogavit
1168 569 1209 615 ne

78 656 80 660 ’
163 685 259 729 suam
273 663 467 749 passionem
481 661 693 747 impedirent.
705 663 852 748 Populus
868 664 960 729 circa
975 663 1114 728 Petrum
1124 664 1210 732 vidit

164 779 304 865 angelos
320 783 355 844 et
370 777 526 864 gloriam,
545 781 579 843 et
592 782 675 842 tunc
691 778 827 856 PetruS,
846 778 977 864 gratias
996 798 1113 864 agenS,
1127 781 1209 844 emi-

166 893 212 962 sit
227 895 397 980 spiritum.
410 893 591 958 Marcellus
615 897 650 959 et
665 894 847 978 Appuleus‚
867 893 1022 978 discipuli
1035 895 1121 980 ejus,
1134 915 1209 961 eum

167 1010 375 1096 deponentes
403 1009 444 1073 de
461 1028 559 1074 cruce
585 1008 800 1094 sepelierunt.
817 1010 978 1093 Tempore
1001 1028 1080 1073 vero
1101 1013 1209 1076 sancti

166 1123 315 1190 Cornelii
337 1143 436 1208 pape,
458 1122 557 1187 Greci
571 1122 686 1187 fideles
701 1142 841 1209 corpora
858 1123 1086 1209 apostolorum
1105 1123 1210 1192 furati

166 1238 400 1325 asportabant.
429 1240 522 1303 Tunc
540 1257 607 1303 vox
623 1237 663 1302 de
675 1238 753 1329 ‘celo
768 1237 858 1304 facta
871 1242 942 1304 est:
960 1239 1035 1303 Viri
1054 1239 1207 1316 Romani,

80 1379 82 1381 ·
167 1333 307 1441 surgite,
325 1355 403 1439 quia
425 1353 471 1418 dii
486 1354 591 1420 uestri
607 1351 819 1421 auferuntur.
839 1352 935 1418 Unde
952 1352 1062 1431 Greci,
1085 1353 1210 1419 timen-

166 1475 233 1547 tes,
250 1469 411 1554 reliquias
425 1468 653 1553 apostolorum
669 1468 704 1532 in
717 1472 853 1554 puteum
871 1468 1096 1554 projecerunt,
1115 1467 1173 1532 sed
1189 1488 1210 1534 a

169 1583 321 1649 fidelibus
338 1584 460 1650 exinde
475 1588 631 1656 extracta
659 1582 807 1649 fuerunt.
836 1584 879 1648 Et
903 1602 977 1647 oum
996 1581 1210 1650 dubitaretur
1224 1593 1258 1657 10

166 1721 231 1786 que
245 1705 359 1767 essent
378 1699 467 1766 beati
484 1699 579 1765 Petri
599 1699 653 1765 vel
673 1698 763 1764 beati
789 1697 887 1763 Pauli
907 1717 1104 1783 responsum
1122 1696 1210 1764 divi·

166 1815 261 1880 nitus
277 1813 354 1891 fuit,
376 1815 507 1879 minora
520 1833 594 1878 esse
611 1814 805 1898 piscatoris.
831 1813 877 1878 De
894 1813 1001 1898 ipsius
1017 1813 1211 1881 sacratissi-

167 1929 233 1994 mis
251 1928 591 2014 reliquiis'habemus,
613 1928 769 1994 videlicet
788 1927 829 1992 de
849 1928 966 2006 barba,
993 1929 1206 2007 vestimento,

165 2063 266 2109 cruce
282 2047 383 2129 atque
403 2043 526 2129 palma.
542 2043 611 2118 Que
624 2043 765 2128 reliquie
781 2044 916 2110 invente
930 2043 1068 2110 fuerunt
1084 2064 1104 2108 a
1121 2045 1211 2109 dom·

167 2179 211 2224 no
239 2159 409 2237 Rioherio,
436 2159 621 2225 Senonensi
655 2158 821 2242 quondam
851 2159 1114 2245 archiepiscopo,
1133 2179 1207 2224 cum

165 2275 278 2360 capite
289 2274 380 2340 beati
396 2273 551 2360 Gregorii
565 2294 639 2340 cum
656 2274 995 2359 superscriptionibus
1005 2273 1070 2338 fide
1082 2274 1207 2360 dignis,

166 2408 257 2455 anno
275 2388 317 2454 ab
346 2389 581 2455 incarnatione
596 2388 723 2455 Christi
741 2390 788 2454 Μ0
801 2390 1019 2475 nonogesimo
1031 2390 1161 2475 quinto.

470 2640 514 2686 DE
538 2639 641 2687 GAPSA
664 2638 907 2687 APOSTOLORUM

214 2850 356 2936 Capsam
378 2851 605 2937 apostolorum
626 2848 786 2915 habemus
805 2870 868 2934 que
884 2849 1058 2914 inhonore
1073 2854 1211 2935 aposto-

167 2968 278 3032 lorum
298 2970 332 3033 et
357 2965 666 3052 euvangelistarum
692 2964 859 3031 fabricata
891 2964 967 3041 fuit,
993 2968 1027 3029 et
1053 2965 1143 3048 quia,
1172 2970 1210 3033 ut
1220 2991 1259 3056 20

168 3080 319 3147 creditur
336 3085 370 3147 et
389 3081 479 3166 pium
496 3084 547 3146 est
563 3078 711 3158 credere,
728 3079 798 3145 iere
818 3080 966 3144 omnium
981 3079 1209 3163 apostolorum

167 3202 204 3262 et
220 3197 526 3283 euvangelistarum
540 3198 575 3261 in
590 3197 663 3282 ipsa
680 3196 897 3280 reliquiarum
913 3194 1124 3288 portiuncule
1135 3215 1210 3260 oon-

166 3311 487 3396 tinentur,'insuper
501 3311 579 3396 quia
594 3310 819 3396 majusaltare
835 3311 944 3378 nostri
962 3311 1159 3376 monasterii
1173 3311 1209 3375 in

167 3417 298 3491 honore
317 3427 466 3511 ipsorum
492 3423 558 3512 fuit
575 3426 722 3490 omnium
744 3423 958 3503 dedicatum,
978 3424 1052 3490 ideo
1073 3424 1113 3488 de
1127 3412 1226 3509 ipsis

166 3540 324 3606 omnibus
340 3546 375 3607 et
390 3540 533 3626 singulis
549 3559 710 3605 enarrare
728 3539 841 3625 aliqua
852 3538 990 3626 dignum
1004 3538 1096 3603 duxi.

427 3789 471 3836 DE
495 3784 623 3836 ancuo
646 3790 756 3838 PAULO
780 3790 948 3837 APOSTOLO

173 4049 178 4054 -
215 4002 315 4068 Anno
336 4001 579 4068 incarnationis
601 4001 733 4068 Domini
754 3999 935 4076 xxxssr,
958 3999 1028 4085 ipse
1049 3999 1209 4065 Dominus
