2782 4786
658 390 836 457 „86-

231 532 348 598 domus
362 530 402 597 de
417 531 539 597 Sancto
556 531 681 597 Leonio
693 536 727 599 et
741 530 859 598 domus
875 531 916 599 de
931 532 1085 599 Parisius
1100 534 1267 620 acquisita

231 645 377 713 fuerunt.
399 648 541 732 Insuper
569 651 700 714 centum
727 646 831 715 libras
850 649 1095 728 turonensium,
1118 650 1267 736 quolibet

101 760 106 771 '
229 781 318 828 anno
334 763 369 827 in
381 761 562 829 castelleto
577 763 762 829 Parisiensi
774 765 986 850 procuratori
999 768 1116 832 nostro
1127 764 1268 831 redden·

230 877 291 944 das
311 897 371 964 per
393 876 619 944 venditionem
635 877 768 945 domine
781 879 822 945 de
836 880 994 947 Vasenon
1009 879 1160 967 predicto
1174 884 1264 948 tem-

230 1015 310 1082 pore
348 994 533 1082 predictum
578 997 820 1063 monasterium
855 998 1043 1082 acquisivit.
1083 998 1262 1067 Predictns

231 1110 334 1177 abbas
355 1130 476 1178 novum
497 1131 580 1199 opus
598 1115 714 1178 nostre
734 1112 885 1191 ecclesie,
904 1112 990 1199 quod
1007 1112 1093 1179 bone
1103 1116 1264 1180 memorie

231 1227 329 1315 Hugo
343 1228 446 1295 abbas
466 1229 655 1315 inceperat,
680 1232 781 1315 prout
800 1233 950 1315 apparet,
975 1229 1117 1316 perfecit
1132 1235 1167 1298 et
1182 1252 1265 1298 can-

231 1346 332 1412 cellos
347 1366 421 1412 cum
442 1346 588 1424 altariis,
604 1347 745 1432 picturis
762 1349 796 1412 et
817 1346 936 1413 vitreis
950 1349 1133 1435 reparavit.
1152 1348 1265 1415 'labu-

230 1463 297 1528 lam
312 1466 507 1550 argenteam
522 1482 564 1527 ex
577 1482 689 1529 massa
701 1464 847 1550 argenti,
865 1482 964 1550 quam
980 1463 1148 1530 Robertus
1161 1463 1265 1531 abbas

184 1579 220 1644 lb
230 1580 425 1665 reliquerat,
447 1599 520 1645 curn
534 1584 675 1666 argento
694 1580 735 1645 de
749 1598 809 1645 suo
824 1580 958 1667 proprio
974 1577 1109 1665 suisque
1125 1581 1265 1667 sumpti·

230 1695 291 1761 bus
311 1701 345 1762 et
362 1694 550 1761 dorsarium
566 1700 775 1782 argenteum,
790 1695 876 1781 quod
892 1695 993 1761 altari
1012 1696 1261 1783 superponitur,

231 1812 392 1880 fabricari
415 1810 506 1879 fecit.
529 1811 693 1878 Coronam
715 1815 923 1899 argenteam,
943 1812 979 1875 in
999 1830 1065 1897 qua
1085 1811 1264 1897 ymagines

231 1933 390 2016 argentee
414 1927 586 1994 duodecim
610 1927 837 2013 apostolorum
857 1927 1084 2006 continentur,
1104 1931 1139 1994 et
1156 1926 1268 1993 taber·

230 2045 386 2112 naculum
402 2051 611 2131 argenteum,
639 2063 712 2109 oum
731 2063 795 2129 quo
810 2041 961 2129 predicta
980 2061 1104 2108 corona
1126 2040 1261 2129 pendet,

229 2163 486 2250 ymaginemque
513 2161 611 2227 beate
634 2160 742 2227 Maria
767 2164 961 2247 argenteam
988 2158 1077 2227 dicto
1102 2158 1266 2227 taberna-

231 2279 304 2345 culo
318 2298 417 2366 opere
437 2275 577 2343 mirifico
590 2275 771 2355 sedentem,
787 2276 990 2342 intrinsecus
1007 2276 1144 2342 calicem
1159 2275 1266 2344 deau-

230 2401 341 2463 ratum
350 2393 542 2471 habentem,
554 2397 694 2480 argento
710 2395 744 2458 et
757 2390 884 2458 fabrica
901 2393 971 2457 suis
983 2391 1170 2478 sumptibus
1185 2412 1265 2482 aug-

230 2512 405 2580 mentavit.
431 2510 573 2597 Capsam
593 2509 702 2576 sancti
726 2508 897 2575 Saviniani
923 2512 1064 2595 argento
1084 2512 1118 2574 et
1135 2507 1264 2575 fabrica

231 2629 387 2695 similiter
406 2628 648 2715 augmentavit.
666 2624 830 2693 Scrinium
850 2629 1059 2712 argenteum,
1077 2625 1112 2688 in
1131 2644 1196 2710 qno
1211 2633 1264 2693 est

181 2759 219 2822 20
230 2749 329 2832 caput
347 2742 437 2810 beati
453 2742 620 2828 Gregorii,
642 2745 676 2807 et
691 2741 836 2827 quinque
850 2739 940 2805 alias'
947 2758 1066 2827 capsas
1082 2744 1263 2827 argenteas

230 2859 591 2943 oumvascu10,.inqu0
608 2862 661 2925 est
675 2861 774 2942 caput
788 2855 886 2923 beate
901 2855 1168 2935 TheodechildiS,
1186 2878 1261 2924 cum

178 3046 180 3050 ,
229 2978 370 3054 bacinis,
380 2975 514 3063 phialis,
526 2973 684 3041 turibulis
697 2978 731 3041 et
742 2972 954 3040 candelabris
966 2993 1009 3039 ex
1021 2979 1163 3062 argento
1180 2974 1261 3043 fecit

230 3095 299 3161 suis
326 3092 512 3181 sumptibus
532 3090 704 3156 fabricari.
723 3089 924 3157 Indumenta
945 3089 1169 3157 sacerdotalia
1184 3110 1259 3157 cum

228 3211 320 3297 capis
346 3207 549 3275 chorialibus
576 3205 616 3272 de
642 3207 748 3272 serico
772 3210 807 3272 et
820 3204 935 3273 multis
954 3205 1031 3271 aliis
1046 3208 1256 3274 ornamentis

228 3326 305 3392 huic
325 3323 528 3390 monasterio
547 3322 736 3408 acquisivit.
766 3322 898 3388 Novum
918 3320 1056 3387 chorum
1077 3321 1260 3387 monacho·

226 3462 301 3508 rum
318 3439 398 3506 fecit
412 3443 446 3506 et
459 3439 686 3525 pavimentum
706 3436 916 3516 monasterii,
941 3437 1069 3522 inquo,
1094 3441 1132 3503 ut
1154 3437 1258 3503 cicius

225 3555 453 3642 perficeretur,
473 3553 605 3621 tumbas
626 3551 844 3638 quarumdam
862 3553 1109 3641 sepulturarum
1131 3551 1173 3618 de
1197 3573 1258 3638 cy-

227 3671 359 3736 miterio
379 3670 458 3755 poni
478 3668 568 3735 fecit.
588 3669 694 3734 Vetus
715 3688 796 3753 opus
818 3669 1014 3734 monasterii
1040 3667 1258 3733 lambrossari

228 3787 307 3853 iecit
323 3791 357 3854 et
372 3786 518 3873 depingi.
533 3785 706 3880 Camenam
724 3783 929 3851 thesaurarii
946 3782 1111 3869 lapideam
1126 3785 1161 3848 in
1177 3783 1257 3850 dor-

179 3897 217 3960 30
227 3902 375 3979 mitorio,
400 3903 434 3967 in
459 3922 524 3987 qua
546 3900 742 3988 quandoque
767 3919 865 3985 capse
893 3904 928 3967 et
953 3899 1132 3966 thesaurus
1157 3899 1256 3987 hujus

227 4018 421 4086 monasterii
449 4022 631 4111 ponuntur,
657 4015 730 4090 fieri
752 4013 842 4088 fecit.
871 4016 1095 4090 Refectorium
1123 4022 1158 4091 et
1185 4023 1255 4090 tres
