2790 4792
599 428 804 492 ..214-

172 591 291 658 regem
304 569 522 647 clauom,
546 572 605 656 qui
630 569 799 636 baberent
812 571 898 647 lieo,
923 572 1081 637 emtori
1096 576 1219 645 nostro,

173 686 1060 773 &nummumgiuilnimjuuutaetoti
1073 689 1224 752 curiose

173 802 253 870 lenti
266 802 432 868 maden
451 802 637 879 deservire,
652 801 852 888 fructusque
863 810 1060 890 proventu
1078 801 1221 890 ejusden

174 941 266 988 mc
298 919 383 986 adeo
416 923 488 986 sint
515 922 567 985 ita
591 936 726 996 tenum,
757 919 850 1006 quod
879 922 943 986 rix
967 941 1033 986 sex
1059 920 1218 1006 religiosi,

171 1038 229 1124 qui
241 1035 392 1102 cotb'ulie
404 1037 441 1100 in
454 1034 573 1100 eden
585 1035 1038 1102 ecthfiborascnnonicas
1050 1035 1109 1101 die
1118 1042 1220 1100 nocte

174 1172 240 1238 qne
260 1162 333 1217 tm
354 1149 398 1215 de
415 1151 486 1216 Deo
503 1168 605 1236 qm
626 1149 670 1214 de
687 1151 765 1237 ipsa
775 1151 837 1216 llei
850 1152 1022 1237 genitrice
1035 1152 1151 1216 diaria
1165 1149 1220 1215 de-

173 1278 330 1344 cantant,
347 1266 559 1333 substentari
577 1287 638 1330 seu
655 1287 718 1331 sue
738 1268 811 1332 rite
829 1267 1149 1334 snbstnntncionem
1163 1266 1218 1331 ha-

173 1382 253 1449 bere
267 1398 450 1469 nequeunt,
466 1403 571 1448 causa
584 1382 824 1448 diminutionis
837 1384 993 1469 ipsorum
1014 1382 1216 1460 reddituum,

174 1508 214 1567 ut
241 1498 450 1587 predicitur3
475 1501 512 1564 in
534 1498 719 1585 eademque
749 1499 906 1578 ecclesia,
936 1499 1151 1586 temporibus
1168 1519 1217 1563 re-

172 1618 318 1684 troactis
335 1623 371 1682 et
389 1614 575 1693 modernis,
601 1635 664 1702 per
688 1617 798 1702 ipsam
822 1614 1059 1682 beatissimam
1078 1615 1216 1680 Mariam

173 1738 276 1818 atque
303 1731 519 1798 beatissimos
546 1732 768 1798 Savininnum
794 1738 830 1798 et
857 1732 1121 1810 Potencianum,
1139 1731 1217 1798 Alti-

171 1859 366 1936 uumqueet
385 1847 619 1914 beatissimum
644 1847 846 1934 Gregorium
869 1846 1044 1934 predictos
1071 1855 1108 1914 et
1138 1847 1216 1913 alios

171 1984 313 2052 quorum
328 1967 470 2052 spiritus
485 1975 521 2032 et
532 1967 644 2030 anime
663 1964 809 2031 feliciter
823 1965 971 2031 laureati
992 1985 1070 2030 cum
1091 1965 1215 2052 angelis

171 2083 397 2170 triumphant,
423 2079 530 2146 filium
550 2101 681 2168 quoque
704 2083 766 2147 Dei
789 2082 898 2167 patris
913 2081 1128 2161 collaudant,
1145 2101 1215 2148 cor-

171 2216 256 2286 pora
267 2217 349 2265 vero
362 2204 398 2264 et
414 2196 556 2283 reliquie
567 2198 682 2283 quiete
696 2202 860 2284 perpetua
880 2197 917 2260 in
930 2197 1088 2283 predicta
1103 2203 1215 2264 nostru

171 2314 313 2380 ecclesia
341 2313 569 2398 requiescunt,
596 2313 696 2399 plura
725 2318 762 2379 et
787 2313 967 2378 innumera
986 2314 1155 2379 miracula
1179 2312 1214 2377 de

171 2429 226 2498 die
244 2432 282 2496 in
299 2430 388 2497 diem
411 2429 509 2508 fiunt,
531 2429 612 2496 hinc
631 2434 686 2496 est
707 2428 808 2516 quod,
831 2429 900 2494 hiis
911 2434 948 2496 et
969 2430 1129 2496 omnibus
1144 2431 1213 2495 aliis

171 2546 416 2625 consideratis,
448 2547 618 2633 certisque
642 2547 755 2612 causis
797 2566 860 2611 nos
883 2550 920 2612 et
953 2547 1108 2612 animum
1140 2566 1213 2612 nos-

169 2672 261 2733 trum
279 2665 321 2732 ad
341 2665 404 2732 hoc
418 2665 649 2742 moventibus,
668 2663 793 2731 dictam
817 2663 1139 2732 confraternitatem
1160 2685 1212 2729 seu

171 2781 391 2850 confratriam
403 2781 613 2848 instituimus
624 2787 659 2848 et
673 2779 904 2846 ordinavimus
917 2799 956 2845 ac
966 2801 1029 2866 per
1041 2787 1212 2867 presentes

172 2899 353 2967 statuimus
379 2904 414 2966 et
435 2898 630 2964 ordinamus
654 2896 752 2962 modo
781 2903 817 2964 et
839 2896 949 2964 forma
971 2900 1150 2984 pretactis.

216 3018 271 3097 Et,
296 3025 334 3086 ut
350 3019 470 3084 horum
494 3018 736 3104 premissorum
753 3016 881 3082 veritas
901 3014 1057 3080 omnibus
1079 3013 1212 3101 patefiat

172 3134 325 3201 fidelibus
351 3133 564 3223 presentibus
585 3139 619 3201 et
640 3134 775 3216 futuris,
793 3134 907 3198 omnia
926 3137 961 3198 et
978 3132 1116 3220 singula
1140 3153 1212 3219 pre-

171 3253 276 3319 missa
287 3272 350 3339 que
363 3251 504 3318 fecimus
520 3250 563 3316 ad
577 3252 627 3315 rei
643 3256 802 3337 perpetue
812 3256 847 3316 et
865 3250 996 3315 veracis
1018 3250 1210 3316 memoriam

170 3375 345 3458 presentes
361 3369 497 3436 litteras
517 3387 576 3433 seu
597 3386 737 3453 presens
755 3368 1019 3433 instrumentum
1035 3386 1097 3453 per
1118 3371 1212 3431 nota-

171 3487 240 3552 rios
251 3486 401 3574 publicos
414 3484 622 3572 subscriptos
636 3485 765 3570 signari
781 3489 815 3551 et
832 3482 1010 3561 subscribi,
1028 3503 1069 3549 ac
1080 3485 1116 3547 in
1132 3483 1211 3548 hane

170 3601 335 3689 publicam
357 3602 500 3668 formam
515 3599 637 3687 redigi,
654 3606 916 3686 nostrorumque
933 3599 1125 3685 sigillorum
1139 3616 1211 3686 pro-

169 3721 318 3807 priorum
335 3717 478 3785 fecimus
495 3723 529 3785 et
544 3716 778 3784 mandavimus
792 3717 945 3785 roborari
958 3718 1156 3782 munimine.

216 3835 338 3903 Datum
358 3841 393 3902 et
411 3841 523 3903 ectum
541 3835 576 3899 in
596 3834 744 3921 capitulo
767 3840 897 3912 nostre,
919 3832 1016 3898 nobis
1035 3834 1159 3900 ibidem
1174 3831 1210 3898 ad

171 3970 288 4017 sonum
303 3970 464 4038 campane
480 3955 618 4038 propter
632 3951 697 4016 hoc
709 3951 925 4037 congregatis
942 3956 977 4017 et
995 3951 1210 4038 capitulanti-

172 4066 231 4134 bus
250 4087 339 4137 auxio
365 4069 497 4137 Domini
516 4067 695 4137 millesimo
712 4068 1045 4156 quadringentesimo
1074 4088 1210 4155 sexage-
