2782 4786
672 423 717 440 -
738 389 871 458 232-

250 546 335 602 terrc
347 541 406 622 qui
417 545 464 602 est
477 555 523 600 ou
535 534 688 617 chiefdes
702 536 845 616 Flentes,
857 533 989 600 duorlar
1002 535 1030 600 lc
1041 537 1163 600 modim
1170 556 1181 617 ;
1198 535 1286 599 demi

250 663 384 736 arpent.

518 739 662 805 Summo
679 743 745 805 viii
763 741 804 806 lb.
831 745 866 806 ot
880 762 909 807 s.
929 744 980 806 vii
992 741 1027 804 d.

301 859 459 924 revectus
479 857 504 921 li
522 858 700 938 boc-tetters,
719 859 771 921 uti
786 877 813 922 s.
828 876 930 942 super
944 857 1135 922 domuncula
1152 861 1225 922 otoo
1241 857 1279 922 dc

250 974 364 1039 Pretio
378 970 434 1059 (l).

509 1249 691 1301 DECEMBER
713 1248 825 1298 ΗΔΒΕΤ
848 1248 922 1299 DIES
944 1250 1032 1298 XXXI

297 1417 327 1481 l.
344 1453 387 1464 -
404 1414 578 1480 Kalendis.
594 1451 638 1461 -
654 1413 718 1479 Hic
739 1412 902 1479 debentur
914 1432 975 1499 pro
986 1410 1089 1479 terris
1104 1409 1146 1478 de
1161 1411 1285 1478 Hunno.

296 1530 387 1598 Obiit
406 1531 572 1607 Clemens,
599 1529 753 1607 clericuS,
782 1549 929 1615 proquo
958 1527 1061 1594 habet
1087 1531 1286 1604 conventus,

251 1667 352 1734 super
365 1646 499 1713 domum
516 1646 569 1712 vel
581 1646 728 1732 plateam
739 1645 840 1732 juxta
853 1649 985 1712 veteres
998 1662 1150 1710 cameras
1165 1664 1229 1728 que
1243 1647 1290 1710 te·

252 1768 375 1830 nentur
389 1783 409 1828 a
422 1762 650 1845 thesaurario,
662 1761 709 1827 vii
727 1782 752 1826 s.
766 1782 815 1847 p.,
829 1761 864 1827 ui
875 1760 1069 1838 elemosina,
1082 1759 1116 1825 vi
1127 1758 1158 1824 d.
1178 1759 1288 1845 pulsa·

250 1886 355 1948 tores.

280 1995 467 2045 summanus.

294 2087 379 2153 Item
404 2084 486 2150 obiit
502 2083 713 2162 Guillelmus,
741 2081 977 2160 cementarius,
1006 2100 1066 2167 pro
1094 2100 1161 2168 quo
1185 2079 1286 2147 habet

250 2204 446 2279 conventus,
462 2220 562 2286 super
573 2201 706 2266 vineam
720 2200 756 2264 in
776 2198 954 2265 sumerent
971 2196 1017 2285 (2)
1029 2198 1066 2262 iii
1082 2217 1111 2264 s.
1128 2202 1155 2264 t.

280 2317 400 2364 Dominus
416 2316 548 2364 Nicholaus
562 2315 592 2362 de
604 2315 732 2365 Serbonia.
747 2340 776 2350 -
788 2317 819 2361 ln
836 2317 968 2361 Chaaerea.

292 2406 470 2474 2.-1111
489 2407 577 2472 Non.
593 2403 708 2470 —Ob.

295 2524 327 2589 3.
345 2523 450 2588 -lll
472 2523 618 2588 Non—
633 2519 695 2586 Ob.

293 2637 325 2701 4.
342 2674 385 2683 -
401 2636 432 2701 Il
452 2638 538 2703 Non.
551 2674 595 2684 —
607 2633 916 2703 Sancti-Benedicti.
931 2634 1093 2701 Obienunt
1104 2634 1281 2700 Richerius

249 2751 354 2816 Doart
367 2756 401 2816 et
417 2750 655 2838 Huldeburgis,
677 2770 763 2816 uxor
777 2751 860 2837 ejus,
877 2770 937 2836 pro
954 2749 1073 2836 quibus
1089 2750 1194 2817 habet
1208 2772 1282 2818 oon-

248 2868 381 2942 ventus,
401 2885 500 2951 super
514 2867 647 2932 vineam
670 2867 705 2931 in
728 2866 989 2942 Rubeo-Monte,
1010 2886 1032 2928 v
1049 2885 1077 2930 s.
1100 2869 1127 2931 t.

278 2990 403 3036 lohannes
420 2989 499 3037 dictus
509 2990 589 3037 Monet
601 2988 629 3051 [li
645 2991 766 3038 Bimonat.
780 2992 814 3038 tls
829 2987 877 3051 56],
889 2989 916 3036 iii
930 3002 951 3042 s.
962 2988 1000 3037 vi.
1018 2989 1044 3040 d.
1063 2993 1078 3036 t.

279 3080 403 3126 lohannes
414 3079 545 3126 Lombardi
560 3080 622 3127 xviii
633 3081 657 3129 d.
670 3083 687 3132 t.
703 3106 734 3114 -
754 3079 850 3143 [litoius
865 3080 895 3126 do
906 3079 994 3127 Dimon
1004 3080 1046 3127 xxi
1056 3080 1083 3129 d.
1104 3104 1134 3114 -
1146 3080 1237 3128 Folisot
1251 3081 1279 3127 do

247 3170 337 3218 Dimon
350 3170 393 3216 xxi
404 3170 461 3216 d.-
474 3170 559 3216 Petrus
575 3162 665 3228 Escbtat
678 3170 781 3217 clericus
795 3170 858 3216 xviii
872 3169 896 3217 d.
909 3172 925 3216 t.
940 3171 973 3217 lls
985 3166 1032 3229 tt]

291 3268 321 3333 5.
340 3305 384 3315 —
398 3267 517 3334 Nonis.
534 3305 578 3315 —
594 3265 757 3334 Obienunt
778 3267 975 3335 Guillelmus
991 3266 1227 3338 Cambellanus
1248 3277 1281 3338 et

278 3503 312 3567 (1)
324 3506 355 3551 Le
365 3507 408 3554 lls.
425 3509 453 3554 56
466 3507 546 3565 aioute
561 3508 606 3555 ici:
618 3508 725 3554 Summa
736 3509 814 3554 xxxix
833 3510 860 3555 lt.
883 3509 911 3555 iii
928 3523 949 3556 s.
962 3510 990 3555 iii
1004 3511 1031 3555 d.
1047 3515 1148 3568 excepto
1165 3513 1282 3572 Maleno-

251 3597 421 3644 vicecomitis.

279 3689 374 3733 Relicta
395 3689 471 3746 Petri,
489 3689 615 3747 peliperii,
631 3701 645 3733 u
661 3701 685 3736 a.
713 3688 741 3732 iii
760 3689 788 3734 d.
809 3688 837 3732 iit
859 3690 970 3745 pojoises
982 3702 1043 3746 par.
1063 3690 1116 3735 dei
1135 3693 1249 3747 quarticr
1263 3697 1285 3739 et

246 3778 314 3821 demi
329 3779 361 3823 de
379 3777 469 3834 uin9ue
483 3779 526 3836 qui
539 3779 568 3833 fu
582 3780 624 3834 [eu
638 3779 729 3824 deluam
742 3778 823 3822 Felix.

278 3866 342 3910 Item
356 3879 382 3914 o.
397 3879 419 3913 s.
431 3867 460 3913 iti
468 3868 494 3914 d.
508 3868 537 3912 iii
551 3869 660 3925 pojoiaca
670 3880 739 3924 pour
749 3869 773 3913 la
785 3867 859 3912 tierce
869 3868 952 3923 partie
963 3870 993 3914 de
1005 3871 1014 3914 i
1025 3875 1115 3926 arpent
1127 3871 1172 3929 qui
1189 3873 1218 3927 fu
1234 3873 1284 3920 Lo-

247 3960 305 4001 raat
317 3957 445 4002 Grimoart
461 3961 484 4003 et
495 3959 579 4004 Julian
592 3959 670 4005 Feltc.
746 3940 747 3943 Ἴ

277 4039 312 4109 (2)
326 4045 358 4094 Lo
371 4045 418 4098 tls.
437 4047 465 4096 56
478 4045 581 4109 indique
596 4046 757 4100 valle-viridi
774 4059 806 4097 au
820 4044 873 4099 lieu
888 4047 917 4098 do
930 4047 1071 4100 Chusoreni.
