2790 4792
506 450 509 457 ’
593 443 770 510 -21-

161 593 281 659 timum
301 587 422 662 babuit
445 607 520 654 cum
544 607 609 672 quo
623 588 782 674 Pylatum
804 588 935 655 nutrire
959 585 1049 654 fecit.
1073 586 1200 654 Videns

85 772 88 776 ,
161 711 274 774 autom
292 699 436 791 Pyla'tus
455 703 642 789 legitimum
667 702 773 768 filium
794 704 971 780 cariorem,
989 702 1197 779 nobiliorem,

162 818 337 887 meliorem
351 824 385 886 et
400 818 589 896 fortiorem,
606 816 733 885 invidia
748 822 858 884 motus
869 818 977 904 ipsum
989 818 1137 885 latenter
1152 817 1200 882 in-

156 935 305 1003 terfecit.
320 935 394 1000 Rex
403 938 509 1019 'super
524 933 587 999 hoc
599 935 709 1001 iratus
720 933 880 1019 Pylatum
895 953 957 1020 pro
972 933 1101 1000 tributo
1112 932 1199 1019 quod

160 1050 338 1116 annuatim
372 1049 533 1114 Romanis
562 1047 704 1116 debebat
730 1049 765 1114 in
796 1047 944 1114 obsidem
970 1049 1076 1123 misit,
1108 1049 1200 1112 Tunc

160 1165 323 1250 temporis
340 1166 415 1229 erat
428 1163 532 1228 Rome
549 1160 639 1229 filius
654 1165 745 1250 regis
763 1164 970 1229 Francorum
988 1183 1086 1247 quem
1104 1166 1201 1248 pater

161 1282 303 1347 Romam
324 1279 464 1344 miserat
486 1297 546 1363 pro
570 1277 710 1344 tributo.
731 1279 818 1344 Huic
843 1279 987 1365 Pylatus
1011 1278 1199 1343 associatus

159 1396 298 1462 videns
290 1414 399 1481 ipsum
415 1413 451 1458 se
465 1394 628 1459 cariorem
650 1399 761 1462 motus
780 1395 908 1461 inuidia
925 1394 1107 1480 jugulavit.
1128 1393 1199 1466 Qua

161 1511 202 1575 de
221 1529 324 1575 causa
342 1510 376 1574 in
387 1508 548 1575 Pontbos
569 1509 691 1573 missus
711 1507 815 1575 fuite
816 1507 933 1575 tinde
954 1510 1042 1574 Pont
1045 1507 1120 1572 hius
1137 1527 1200 1572 no·

161 1646 238 1690 men
257 1625 410 1710 sumpsit.
386 1622 620 1691 tAudiens
603 1643 684 1688 vcro
702 1623 853 1689 Herodes
869 1624 956 1709 quod
978 1628 1142 1711 gentemt
1144 1643 1197 1689 am
1212 1606 1247 1675 ¹0

160 1717 305 1806 ferocem
321 1737 535 1826 subjugasset
545 1758 607 1823 pro
619 1758 658 1802 eo
675 1738 769 1804 misit
781 1743 814 1804 et
830 1739 879 1803 illi
897 1760 996 1824 super
1008 1737 1149 1804 Judeam
1164 1743 1199 1806 et
1233 1797 1236 1802 .
1305 1772 1308 1777 ¹

159 1854 371 1921 iherusalem
394 1851 539 1920 tradidit
560 1854 667 1920 ricem
698 1872 804 1918 snam.
826 1854 901 1931 Qui,
921 1875 995 1919 cum
1021 1854 1196 1940 pecuniam

117 1951 120 1956 ¹
159 1967 438 2035 innumerabilem
470 1970 722 2054 congregasset,
751 1968 922 2036 nesciente
953 1968 1099 2047 Herode,
1128 1969 1198 2035 Ro·
1242 2005 1245 2011 ·

160 2105 249 2150 mam
265 2082 351 2150 adiit
364 2087 398 2150 ot
418 2081 505 2168 quod
525 2081 566 2147 ab
583 2080 717 2147 Herode
732 2083 870 2157 tenebat
886 2083 949 2149 sibi
964 2083 1039 2148 dari
1059 2083 1199 2169 aTybe·

159 2202 212 2266 rio
242 2199 446 2285 imperatore
471 2196 666 2263 muneribus
701 2199 907 2283 impetravit,
940 2202 975 2265 et
998 2199 1046 2264 sic
1071 2199 1198 2264 inimici

159 2315 243 2383 facti
258 2319 338 2381 sunt
353 2311 504 2379 Herodes
525 2317 559 2380 et
581 2313 725 2399 Pylatus
746 2313 908 2399 usquead
925 2315 1115 2400 passionem
1131 2316 1199 2379 Do-

156 2431 241 2496 mini
251 2432 270 2496 J
272 2431 355 2496 besu
369 2428 510 2496 Christi.
522 2428 589 2498 Sub
605 2429 678 2514 ipso
694 2428 800 2515 igitur
813 2429 936 2513 Pylato
952 2426 1131 2495 crucifixus
1145 2432 1198 2492 est

156 2546 175 2610 J
178 2545 293 2610 hesus.
312 2544 395 2609 Post
409 2527 722 2628 passionem'ipsius
737 2546 771 2609 et
784 2542 1015 2607 ascensionem
1031 2541 1072 2606 ad
1093 2542 1194 2618 celos,

157 2658 323 2744 Tyberius
346 2657 441 2743 lepra
465 2676 644 2742 percussus
670 2656 747 2733 fuit,
780 2656 940 2742 misitque
967 2655 1009 2721 ad
1037 2656 1196 2741 Pylatum

157 2777 197 2841 ut
218 2773 281 2838 sibi
303 2773 440 2838 Jhesum
463 2773 615 2839 mitteret
639 2775 675 2837 nt
697 2772 884 2857 peripsum
908 2772 1076 2858 reciperet
1103 2773 1197 2838 sani-
1206 2771 1245 2834 20

157 2892 277 2956 tatem.
303 2889 451 2974 Cumque
477 2888 600 2974 Pylato
626 2889 768 2954 nuncius
800 2888 936 2974 Tyberii
963 2889 1027 2955 hoc
1053 2889 1196 2956 dixisset

156 2984 358 3089 perterritus
372 3003 516 3088 Pylatus
533 3003 784 3087 quatuordecim
800 3003 929 3069 dierum
946 3002 1099 3070 inducias
1117 3024 1195 3090 pos-

155 3118 292 3184 tulavit.
312 3118 368 3184 Int
353 3119 453 3184 terim
471 3117 613 3182 nuncius
628 3118 841 3203 imperatoris
853 3138 922 3204 per
929 3118 1104 3203 quamdam
1121 3139 1195 3184 ma-

153 3237 290 3300 tronam
318 3233 453 3300 nomine
481 3233 683 3299 Veronicam
712 3233 830 3299 didicit
858 3233 945 3319 quod
971 3234 1116 3319 Pylatus
1153 3234 1194 3299 ad

153 3348 351 3434 petitionem
373 3347 555 3413 Jndeornm
580 3349 756 3413 Dominum
786 3347 937 3434 crucifigi
969 3349 1129 3434 precepit,
1161 3352 1195 3413 et

154 3462 243 3546 qnod
256 3464 329 3548 ipsa
346 3482 493 3548 pannum
516 3457 662 3529 habebat
676 3463 711 3526 in
735 3482 799 3547 quo
821 3462 932 3550 figura
948 3464 1118 3550 ymaginis
1135 3464 1195 3528 Dei

154 3576 403 3656 continebatur,
427 3598 469 3643 ex
495 3599 559 3664 quo
586 3578 615 3643 si
642 3579 826 3664 imperator
846 3599 905 3664 pro
934 3577 1056 3644 affectu
1085 3578 1196 3663 respi-

154 3697 259 3766 ceret,
289 3692 437 3777 recipere
453 3698 568 3778 posset
591 3694 750 3758 continuo
775 3693 969 3760 sanitatem.
988 3693 1080 3756 Tunc
1106 3712 1196 3756 nun-

154 3808 227 3872 cius
247 3827 360 3871 secum
378 3806 475 3872 duxit
488 3809 592 3872 Rome
606 3808 808 3872 Veronicam
830 3826 905 3871 cum
927 3827 1050 3892 panno,
1075 3811 1109 3873 et
1130 3808 1195 3871 im·

153 3923 305 4009 peratori
321 3923 434 3988 omnia
446 3923 620 3988 indicavit.
637 3923 730 3988 Tunc
741 3923 926 4007 imperator
941 3923 1062 4008 pannis
1077 3924 1193 3988 sericis
1205 3921 1244 3983 30

155 4039 246 4109 viam
265 4038 374 4107 sterni
395 4039 475 4108 tecit
487 4043 522 4106 et
537 4039 685 4127 precepit
702 4037 764 4105 sibi
779 4039 972 4127 ymaginem
991 4040 1192 4128 presentari.
