2782 4786
641 397 835 462 -184-

255 536 340 602 Item
362 534 455 602 Obiit
471 536 625 602 Emelina
645 535 826 614 Plnsbelle,
841 554 902 622 pro
917 553 982 620 qna
997 532 1099 601 debet
1116 533 1238 601 thesau

211 651 322 717 rarius
338 651 374 715 iii
390 671 419 716 s.
436 670 510 738 par.

241 775 426 824 Thosenrariuo.

254 873 287 939 9.
308 909 352 921 -
370 873 437 939 VII
451 870 517 937 Yd.
535 909 579 920 -
595 870 759 938 Obienunt
772 869 928 949 Felisins,
945 867 1114 957 presbiter
1126 869 1268 936 Sancti-

212 987 367 1065 Romani,
388 991 423 1054 et
435 987 607 1064 Iohanna,
632 1004 738 1068 soron,
755 989 789 1052 et
804 985 927 1052 Petrus
943 984 1059 1071 Regis,
1077 989 1178 1070 pater
1198 1003 1264 1049 eo-

210 1122 297 1179 rum,
313 1122 374 1188 pro
389 1102 508 1188 quibus
522 1101 626 1168 habet
636 1105 834 1178 convenius,
851 1118 951 1186 super
961 1099 1095 1165 vineam
1110 1098 1146 1163 in
1160 1097 1257 1164 (lam-

209 1237 252 1303 po
272 1215 326 1282 len
347 1217 522 1295 Damonis,
540 1218 618 1283 vis.
643 1235 715 1303 par.
731 1219 775 1281 iii
789 1236 817 1282 s.
835 1235 914 1300 por.
930 1234 1036 1299 osque
1057 1215 1102 1280 ad
1121 1233 1179 1280 sen
1195 1232 1254 1277 mt-

208 1352 348 1415 ‘nospet'
374 1352 576 1400 consensum
600 1341 792 1398 conventus.

239 1449 365 1496 Iohannes
382 1445 482 1496 Colono.

260 1546 312 1610 10.
329 1576 373 1593 -
387 1544 435 1610 VI
452 1541 519 1611 Yd.
536 1579 581 1594 -
597 1542 657 1609 Ob.

255 1657 493 1724 ll.—VYd.
514 1656 635 1723 -Ob.
732 1667 752 1706 ³
1231 1693 1244 1702 .

257 1775 309 1840 12.
335 1810 381 1823 -
401 1774 471 1840 IIII
485 1772 550 1838 Yd.
577 1810 622 1825 -
646 1773 738 1842 Obiit
760 1774 926 1840 Henrious
943 1774 1083 1859 Fnoyse
1111 1793 1250 1859 proquo

209 1889 312 1956 habet
336 1895 533 1964 conventus
563 1887 650 1979 apud
676 1891 891 1966 Auxonnum,
908 1908 1008 1975 snper
1034 1889 1250 1974 vineamque

209 2005 275 2071 fuit
291 2004 429 2070 Galneri
449 2003 542 2082 Poel,
557 2025 579 2070 v
599 2025 626 2069 s.
644 2009 685 2083 t.,
702 2006 737 2071 vi
757 2005 789 2070 d.
811 2004 1006 2081 elemosina,
1025 2003 1059 2070 vi
1081 2003 1113 2068 d.
1133 2003 1249 2090 pulsa-

209 2125 313 2186 tores

197 2237 200 2242 ’
241 2242 311 2288 Prior
327 2242 356 2289 de
371 2244 503 2289 Aunonno.

257 2340 309 2407 13.
330 2373 374 2390 -
396 2339 448 2405 111
465 2337 532 2405 Yd.
554 2374 596 2390 -
617 2339 781 2407 Obierunt
801 2340 980 2406 Severinns
995 2339 1205 2406 Chancrenel
1220 2345 1254 2406 et

210 2473 296 2519 uxor
316 2454 344 2540 ej
350 2473 400 2531 us,
417 2473 478 2540 pro
494 2453 613 2539 quibus
629 2452 730 2520 habet
744 2461 941 2541 convenitne,
960 2474 1059 2540 snper
1071 2455 1205 2521 vineam
1218 2456 1251 2519 in

209 2588 271 2633 rua
299 2570 396 2635 Nova
408 2569 511 2668 juxta
529 2569 662 2635 vineam
678 2570 797 2646 Foaoe,
812 2590 833 2635 v
849 2589 875 2633 e.
893 2589 941 2655 p„
957 2570 990 2635 vi
1004 2569 1037 2634 d.
1055 2569 1249 2647 elemosina,

208 2684 242 2749 vi
258 2682 287 2747 d.
309 2683 513 2768 pulsatores

266 2995 279 3027 θ
596 3019 601 3030 .
638 3019 642 3030 .

258 3083 311 3145 14.
328 3116 370 3128 -
387 3081 420 3146 11
434 3079 500 3145 Yd.
518 3080 636 3147 -Ob.

257 3199 309 3264 15.
333 3234 378 3246 —
395 3196 537 3286 YdibuS.
560 3233 602 3247 -
626 3197 718 3266 Obiit
739 3199 882 3264 Jaoobus
907 3201 1014 3266 Foaoe
1035 3197 1092 3287 (l),
1111 3193 1250 3287 proquo

210 3310 311 3378 habet
329 3319 526 3390 conventus,
556 3334 655 3399 super
678 3316 811 3380 vineam
828 3325 916 3381 retro
936 3316 1075 3380 domam
1098 3313 1248 3382 defuncti

210 3424 347 3507 OdoniS,
366 3426 490 3508 elerici,
508 3426 545 3490 iii
560 3447 588 3491 a.
603 3447 675 3513 pan.
802 3419 806 3424 ’

241 3547 331 3594 Relicta
344 3549 464 3596 liethardi
481 3551 585 3609 Maigne.

255 3646 308 3710 16.
325 3681 368 3694 -
382 3647 482 3712 XVII
498 3646 668 3712 Kalendas
682 3649 838 3734 Augusti,
854 3687 897 3696 —
911 3649 972 3715 Ob.

257 3763 308 3827 17.
335 3799 378 3812 -
398 3764 481 3830 XVI
498 3765 575 3830 Kal.
598 3801 642 3814 -
662 3763 724 3830 Ob.

240 4009 273 4073 (1)
291 4014 384 4059 Iouaoe
403 4011 449 4079 (Me
459 4015 505 4076 56).
