2790 4792
683 384 829 449 ..6-

237 530 343 616 gisus,
358 529 411 595 vir
437 525 628 603 laudabilia,
647 525 850 591 Senonensis
878 523 1162 609 archiepiscopus,
1179 541 1200 586 a
1220 522 1278 587 Jo-

237 617 348 709 hanne
367 662 453 728 papa
474 637 680 727 impetravit,
703 639 918 725 predictoque
937 638 1143 704 monasterio
1164 637 1279 702 Sancti

237 759 331 825 Petri
341 758 419 822 Vivi
435 756 638 822 Sunonensis
661 752 874 819 condonavit.
898 753 1046 818 Domnus
1065 750 1168 821 abbas
1186 750 1280 815 Gau-

237 869 344 936 fridus
363 871 523 937 scrinium
538 874 748 956 argenteum,
768 868 804 931 in
824 886 888 952 quo
909 871 995 943 erat,
1014 869 1156 952 argento
1175 870 1211 932 et
1226 865 1281 930 fa-

236 985 330 1052 brica
341 986 530 1053 renovavit.

280 1099 385 1176 Item,
408 1099 548 1184 reliquie
573 1098 614 1164 de
633 1096 846 1165 vestimentis
872 1096 981 1162 sancti
1000 1094 1135 1180 Hylarii
1162 1088 1282 1160 Picta-

235 1213 349 1276 vensis
365 1211 455 1279 dicto
470 1212 677 1278 monasterio
695 1213 952 1276 conservantur.

280 1327 378 1407 Item,
395 1327 557 1412 reliquias
575 1327 616 1391 de
637 1325 754 1412 digitis
775 1324 883 1391 sancti
904 1324 1046 1391 Martini
1071 1323 1282 1388 Turonensis

236 1460 487 1507 conservamus.

188 1552 224 1614 10
277 1555 404 1641 Corpus
424 1556 534 1621 sancti
553 1555 714 1633 EbboniS‚
727 1555 827 1642 hujus
842 1555 906 1620 loci
923 1554 1079 1621 monachi
1094 1558 1128 1621 et
1142 1553 1282 1621 abbatis

234 1673 335 1754 atque
350 1669 553 1735 Sunonensis
571 1669 753 1754 pontificis,
764 1668 967 1736 tumulatum
979 1668 1044 1736 fuit
1059 1670 1093 1734 in
1107 1669 1198 1753 dieto
1211 1690 1284 1735 mo·

233 1783 383 1850 nasterio
411 1784 526 1852 Sancti
548 1786 654 1850 Petri.
681 1784 768 1849 Illud
793 1788 1014 1850 conservatur
1037 1784 1073 1849 in
1093 1804 1197 1870 capsa
1219 1804 1284 1848 ar-

233 1901 368 1984 gentea,
391 1917 489 1983 quam
512 1898 654 1963 domnus
676 1897 859 1963 Gaufridus
879 1897 982 1962 abbas
1001 1897 1081 1964 fecit
1105 1897 1146 1963 ob
1166 1900 1281 1965 sancti

235 2014 460 2078 reverentiam
479 2011 651 2078 fabricari.

278 2127 424 2193 Insulam
444 2128 700 2218 sacerdotalem,
716 2148 790 2194 oum
803 2148 868 2214 qua
884 2129 1049 2214 sepultum
1066 2126 1130 2194 luit
1147 2127 1280 2195 dictum

233 2263 354 2330 corpus
370 2244 479 2310 saneti
492 2243 652 2321 Ebbonis,
663 2243 846 2309 honorifice
861 2263 1115 2309 conservamus.

277 2359 376 2436 Item,
407 2356 761 2444 corpora'sanctorum
789 2364 932 2444 quatuor
956 2357 1187 2425 consessorum
1214 2361 1284 2428 Se-

232 2466 432 2540 nonensium
453 2474 779 2559 archiepiscoporum
794 2473 980 2555 beatorum,
1008 2473 1164 2567 videlicet
1187 2474 1283 2540 Leo-

232 2589 300 2665 nis,
323 2588 484 2665 Ursicini,
499 2588 629 2674 Agricii
646 2593 680 2654 et
694 2586 864 2653 Ambrosii
878 2609 939 2674 per
959 2587 1188 2673 supradictum
1206 2588 1285 2654 lau-

146 2726 149 2731 ·
184 2701 377 2793 20dabilem
392 2704 502 2770 virum
516 2703 719 2788 Ansegisum
740 2704 963 2769 Senonensem
985 2704 1280 2790 archiepiscopum

232 2815 410 2881 habuimus
426 2836 490 2904 que
508 2816 691 2882 honorifice
709 2838 959 2884 conservamus.

276 2930 374 3006 Item,
392 2930 427 2994 in
448 2934 564 2996 nostro
584 2933 790 2997 monasterio
813 2933 954 3017 reliquie
973 2934 1081 2999 sancti
1097 2933 1183 3018 Lupi
1198 2953 1278 2998 ser-

232 3047 367 3121 vantur,
399 3065 481 3129 quas
507 3045 631 3111 habere
657 3052 854 3113 meruerunt
878 3047 1132 3133 predecessores
1160 3051 1278 3115 nostri

232 3158 365 3241 quando
379 3159 585 3226 translatum
603 3159 668 3227 fuit
689 3181 808 3246 corpus
827 3162 929 3247 ·ejus;
962 3163 1053 3228 inter
1080 3182 1164 3246 quas
1189 3165 1279 3229 reli-

233 3275 329 3358 quias
349 3275 510 3340 annulum
528 3275 704 3360 quemdam
721 3275 761 3340 de
777 3278 847 3342 suis
863 3277 997 3342 annulis
1019 3277 1211 3352 habuimus,
1239 3284 1276 3346 et

232 3392 452 3456 conservatur
482 3390 667 3456 honorifice
692 3393 727 3456 in
755 3393 908 3476 prioratu
936 3397 1052 3459 nostro
1073 3392 1113 3458 de
1134 3393 1272 3472 Naud0,

168 3588 171 3592 Ι
232 3502 300 3580 ubi,
319 3502 483 3597 ehu-sancti
511 3505 596 3590 Lupi
617 3507 752 3583 merita,
768 3505 854 3573 fiunt
868 3490 1048 3574 multorum
1062 3507 1275 3574 infirmorum

231 3618 443 3695 curationeS,
470 3618 565 3684 etin
593 3619 707 3684 eodem
737 3619 809 3685 loco
832 3621 972 3706 reliquie
1001 3622 1041 3686 de
1065 3621 1275 3690 indumentis

231 3730 497 3798 sacerdotalibus
522 3733 568 3796 ·in
605 3737 766 3818 argenteo
801 3736 926 3800 scrinio
969 3742 1161 3812 servantur,
1195 3758 1272 3803 cum

182 3854 221 3919 30
232 3843 350 3927 quibus
370 3844 457 3911 idem
487 3852 624 3913 sanetus
661 3849 775 3934 Lupus
800 3849 953 3935 pontifex
983 3851 1163 3916 missarum
1199 3854 1271 3919 sol-

232 3957 378 4043 lempnia
395 3959 597 4032 celebrabat.
715 3943 717 3947 ¹
