2782 4786
671 413 870 482 ..166-

294 561 378 626 Item
399 558 483 625 obiit
509 556 709 635 Herbertus,
728 556 843 635 abbas,
868 576 929 643 pro
943 574 1006 643 quo
1020 557 1124 626 habet
1144 577 1292 624 conven-

248 681 305 739 tus
321 690 556 758 superuenere
576 669 617 736 de
638 669 913 749 callido-Furn0‚
929 670 987 736 viii
1011 693 1039 737 s.
1056 693 1103 758 p.,
1126 679 1162 739 et
1174 673 1294 739 elemo-

250 787 325 852 sina
341 786 365 850 ii
382 807 409 851 s.
434 807 486 872 p.,
505 789 539 852 et
554 786 745 871 pulsatores
765 804 884 870 panem
906 784 1020 850 uinum
1036 790 1071 853 et
1086 786 1252 872 legumen.

294 903 389 967 Item.
404 899 496 968 Obiit
508 899 693 978 GerarduS,
708 898 823 974 abbas,
838 919 899 984 pro
914 919 979 985 quo
989 899 1091 967 habet
1104 909 1291 968 convenius
1329 894 1335 901 ’

249 1016 285 1080 in
307 1014 396 1082 dioto
421 1035 523 1080 oensu
540 1015 604 1092 viii,
620 1034 646 1080 s.
668 1035 714 1100 p.,
734 1017 768 1080 et
783 1014 966 1079 elemosina
985 1015 1066 1080 xviii
1087 1015 1120 1080 d.
1144 1036 1234 1101 par„
1254 1025 1288 1083 et

250 1128 440 1214 pulsatores
452 1128 485 1193 vi
502 1126 535 1193 d.
554 1149 587 1213 p.

295 1243 380 1308 Item
397 1242 481 1308 obiit
500 1242 611 1327 Hugo,
630 1240 745 1318 abbas,
766 1260 826 1326 pro
843 1260 908 1327 quo
925 1239 1027 1308 habet
1042 1248 1228 1310 conventus
1242 1266 1289 1311 xv

251 1473 324 1539 Iste
339 1471 574 1538 anniversaria
592 1469 735 1537 debebat
750 1469 866 1547 abbas,
884 1475 923 1538 ut
936 1471 1091 1557 superius
1115 1469 1291 1546 scribitur,

253 1586 310 1652 sed
334 1579 530 1663 Gaufridus,
558 1583 674 1662 abbas,
702 1604 802 1669 super
824 1583 978 1652 redditus
1005 1605 1087 1670 quos
1108 1583 1293 1671 adquisivit

253 1701 419 1788 prioratui
435 1699 672 1784 Sancti-Lupi,
697 1696 840 1766 tradidit
858 1699 920 1765 hee
939 1700 1174 1765 anniversaria
1190 1699 1294 1784 priori

253 1814 336 1881 dieti
351 1815 415 1881 looi
430 1813 470 1878 de
486 1818 597 1880 cetero
612 1811 845 1898 persolvenda.

283 1929 352 1976 Prior
364 1928 394 1976 de
411 1928 495 1976 Nsudo
512 1939 559 1974 cs.
575 1929 623 1974 tur.

302 2019 402 2083 ll.-
418 2016 447 2081 V
462 2014 576 2080 Yd-
588 2013 680 2082 Obiit
695 2013 920 2100 Reignardus‚
934 2016 1131 2093 monachus,
1150 2037 1211 2102 pru
1232 2038 1296 2101 quo

254 2132 461 2198 infirmarius
481 2129 581 2195 debet
602 2151 635 2195 v.
658 2149 686 2194 s.
706 2151 738 2215 p.
763 2150 862 2215 super
891 2130 1117 2217 quadraginta
1151 2130 1295 2205 solidos,

253 2267 335 2334 quos
351 2246 522 2331 percipere
538 2243 636 2310 debet
663 2245 698 2309 in
725 2244 924 2310 molendinis
948 2266 1011 2332 que
1038 2246 1206 2332 quondam
1230 2249 1297 2312 ha-

252 2358 353 2425 bebat
365 2359 547 2424 celerarius
568 2377 668 2442 super
688 2358 859 2423 Vannam.

284 2471 446 2519 infirmarius.
543 2482 546 2489 ·

300 2561 351 2625 12.
364 2596 400 2610 -
415 2559 481 2623 llll
497 2558 610 2624 Yd.-
625 2560 779 2645 Gregorii
798 2581 895 2646 pape.
922 2564 1005 2630 Obiit
1023 2565 1189 2630 Henrieus
1208 2569 1292 2631 Bou-

252 2679 397 2756 quinson
411 2672 467 2758 (l),
481 2676 539 2756 qui
556 2675 676 2756 tepebit
687 2679 869 2740 conventui
885 2697 909 2739 a
923 2679 1026 2741 libros
1038 2685 1287 2761 turonensium,

253 2791 296 2852 ad
321 2788 476 2868 emendos
504 2788 666 2870 redditus,
697 2807 761 2871 pro
786 2793 1022 2855 anniuersario
1042 2811 1100 2855 suu
1120 2772 1289 2874 faciendo.

254 2901 476 2985 Compututur
492 2907 533 2966 in
547 2905 630 2984 festo
647 2905 792 2986 hyemali
820 2904 1088 2972 Sancti-Memini
1104 2919 1135 2973 et
1158 2912 1196 2990 fit
1212 2930 1295 2974 eum·

252 3023 405 3101 sequenti
419 3021 668 3083 anniversario.

282 3131 314 3175 ln
331 3131 394 3186 (esto
410 3130 523 3186 hyemali
539 3130 627 3177 Sancti
643 3133 748 3178 Martini
765 3138 926 3189 computetur
942 3140 965 3181 et
976 3148 1024 3192 pro
1033 3136 1153 3192 manistro
1176 3139 1296 3184 Jobanne

252 3219 363 3266 Chotart.

299 3307 590 3374 13.-111Yd.-
611 3309 695 3375 Obiit
710 3316 872 3394 munietur
883 3315 1053 3378 lebannes
1075 3313 1210 3379 Clroturt
1225 3336 1288 3398 pro
1323 3384 1326 3389 ,

250 3411 347 3504 eujus
367 3428 603 3490 anniversario
613 3435 645 3490 et
651 3428 862 3508 precedentis
874 3429 1013 3494 Henrioi
1028 3431 1120 3494 hebet
1133 3449 1285 3496 eonven-

252 3548 305 3602 tus
316 3557 417 3622 super
425 3548 610 3621 arpentum
624 3545 720 3605 vinee
735 3546 841 3608 situm
858 3547 899 3608 in
909 3548 1076 3608 territorio
1090 3545 1130 3608 de
1145 3545 1282 3610 Mutetu-

258 3653 462 3718 Vieeeomitis
477 3658 516 3719 in
532 3656 597 3720 loeo
613 3660 671 3737 qui
686 3657 811 3721 dieitur
831 3659 1007 3723 turditliei·
1022 3679 1090 3724 uno
1107 3679 1134 3723 r.
1157 3669 1180 3724 t.

282 3769 323 3812 Ad
336 3769 430 3824 festum
442 3768 530 3815 Sancti
546 3770 661 3819 Martini.

298 3855 577 3922 14.-11Yd;-
598 3856 657 3923 Ob.

285 4023 319 4084 (l)
337 4025 527 4081 Monachus.,lis
541 4029 580 4077 ⁵6.
