2790 4792
690 439 733 455 -
751 404 795 471 38
815 439 859 454 -

185 593 191 606 ·
250 553 366 616 tamen
380 568 467 613 unus
489 547 597 634 major
613 539 688 613 erat
701 547 757 630 qui
778 540 931 631 princeps
946 543 1120 612 dicebatur
1140 541 1297 612 sacerdo·

251 671 335 733 tum.
357 664 486 731 Statuit
497 667 610 729 autem
623 655 792 729 sexdecim
807 663 899 727 viros
912 660 953 728 de
965 662 1106 728 Eleasar
1117 665 1152 728 et
1163 666 1241 743 octo
1255 662 1297 728 de

252 779 417 856 Ithamar,
437 770 473 844 et
488 777 671 843 secundum
695 781 806 843 sortes
826 775 919 844 dedit
934 777 1114 862 unicuique
1134 776 1299 843 ebdoma-

252 894 328 959 dam
340 893 425 961 vicis
444 913 515 958 sue.
535 893 650 977 Abyas
677 896 831 958 octavam
857 891 977 957 habuit
1004 890 1236 970 ebdomadam,
1256 892 1298 958 de

252 1013 347 1094 cujus
361 1028 484 1094 genere
499 1006 681 1072 Zacharias
697 1005 775 1084 fuit,
801 1007 857 1090 qui
881 1006 979 1072 duxit
999 1026 1138 1072 uxorem
1158 1009 1298 1073 nomine

252 1122 473 1209 Helysabeth,
501 1121 605 1187 filiam
623 1122 751 1186 sororis
775 1120 872 1188 beate
899 1121 1008 1199 Anne,
1031 1118 1158 1187 matris
1166 1120 1298 1188 beatis-

252 1241 336 1305 sime
350 1240 459 1305 Marie
475 1238 618 1324 virginis
638 1240 673 1303 et
691 1238 812 1302 matris
837 1233 900 1301 filii
922 1237 982 1301 Dei
1001 1238 1081 1303 rivi.
1105 1239 1213 1305 Erant
1239 1259 1297 1303 au-

250 1358 320 1421 tem
345 1353 529 1419 Zacharias
547 1356 580 1419 et
602 1351 814 1438 Helysabeth
839 1371 936 1417 senes
960 1355 994 1420 et
1013 1351 1138 1437 absque
1161 1351 1295 1418 liberis.

251 1468 334 1534 Cum
349 1487 430 1554 ergo
444 1468 626 1533 Zacharias
642 1467 802 1552 templum
822 1468 955 1532 Domini
977 1472 1016 1534 ut
1036 1468 1210 1533 incensum
1232 1488 1298 1554 po-

205 1586 348 1658 toneret
365 1583 540 1670 ingressus
565 1581 696 1664 fuisset,
725 1581 862 1648 Gabriel
888 1583 1029 1668 angelus
1055 1582 1142 1649 dixit
1168 1584 1218 1648 ei:
1241 1584 1294 1648 Ne

251 1699 385 1777 timeas,
421 1697 605 1777 Zacharia;
639 1699 799 1764 nascetur
834 1696 896 1763 tibi
927 1695 1017 1762 filius
1047 1702 1082 1763 et
1117 1697 1297 1765 vocabitur

251 1814 269 1879 J
272 1814 435 1892 ohannes
458 1813 514 1898 qui
529 1832 596 1878 non
617 1811 757 1878 credens
771 1815 884 1878 mutus
899 1810 1044 1879 efficitur
1057 1813 1217 1897 usquead
1232 1833 1299 1879 na·

251 1908 420 1996 tivitatem
431 1927 505 1993 filii.
520 1927 603 1994 Post
615 1926 679 1993 hoc
692 1946 773 1993 vero
787 1926 805 1991 J
808 1926 941 1992 ohanne
958 1928 992 1992 in
1010 1929 1106 1992 utero
1116 1927 1189 2013 jam
1212 1949 1299 1994 con-

251 2025 360 2130 ceptoss
375 2063 490 2109 mense
506 2046 601 2109 sexto
614 2063 637 2108 a
657 2043 886 2128 conceptione,
901 2041 1002 2108 beata
1017 2043 1136 2128 Virgo,
1149 2063 1213 2129 que
1223 2044 1297 2130 jam

252 2159 428 2249 Dominum
451 2157 590 2222 Jhesum
614 2160 823 2243 conceperat,
840 2157 934 2223 venit
955 2156 998 2222 ad
1027 2157 1239 2243 Helysabeth
1263 2165 1300 2226 et

252 2250 379 2339 mansit
403 2292 479 2338 cum
494 2293 534 2339 ea
548 2293 608 2358 per
627 2277 699 2339 tres
724 2291 856 2337 menses
872 2276 907 2337 et
924 2272 1072 2358 amplius'
1094 2273 1299 2340 ministrans

253 2369 301 2468 ei,'
313 2392 496 2474 natumque
510 2389 528 2454 J
531 2388 698 2454 ohannem
711 2388 781 2453 suis
797 2387 925 2454 sanctis
938 2387 1092 2453 manibus
1105 2387 1246 2467 levavit,
1262 2397 1300 2458 et

253 2504 349 2589 quasi
368 2523 495 2570 morem
510 2504 627 2590 gerule
644 2502 888 2569 officiosissime
904 2503 1100 2589 peragebat.
1117 2504 1298 2572 Johannes

253 2619 417 2704 siquidem
433 2620 560 2686 teneris
577 2618 637 2684 sub
652 2619 750 2685 annis
765 2619 888 2685 civium
901 2622 1032 2685 turmas
1047 2617 1181 2704 fugiens
1192 2623 1322 2717 antra(

204 2735 243 2797 20
253 2733 379 2800 deserti
399 2736 519 2819 petiit;
552 2754 619 2798 non
640 2734 796 2799 mollibus
817 2735 973 2810 vestitus,
999 2733 1057 2798 sed
1074 2734 1160 2819 pilos
1183 2733 1299 2802 induit

229 2904 233 2919 .
253 2849 469 2914 camelorum.
488 2849 535 2913 De
546 2849 653 2934 ipsius
671 2851 778 2916 sacris
796 2851 1009 2918 vestimentis
1030 2849 1192 2915 habemus
1212 2851 1299 2915 reli-

254 2963 350 3049 quias
375 2982 458 3048 quas
479 2983 553 3029 cum
575 2965 915 3052 superscriptionibus
938 2965 1004 3031 fide
1029 2965 1140 3052 dignis
1165 2965 1298 3031 abone

253 3058 413 3144 memorie
436 3076 753 3163 domnoGaufrido,
775 3081 875 3166 hujus
902 3082 967 3147 loci
987 3081 1119 3159 abbate,
1148 3084 1296 3166 argento

207 3228 211 3234 ·
253 3192 411 3261 decenter
424 3195 601 3281 impositas
615 3215 867 3263 conservamus.

585 3446 629 3494 DE
657 3445 783 3494 malnis
807 3444 963 3493 EJUSDEM

295 3660 342 3724 De
358 3658 476 3745 digitis
497 3644 646 3746 ejusdem
663 3660 825 3726 habemus
840 3661 1000 3746 reliquias
1018 3681 1082 3746 que
1093 3680 1168 3725 cum
1181 3663 1298 3749 capite

251 3774 341 3841 beati
356 3774 512 3861 Gregorii
527 3776 663 3842 invente
682 3775 831 3845 fuerunt.
861 3778 959 3843 Anno
986 3777 1027 3844 ab
1053 3778 1299 3845 incarnatione

141 3978 147 3988 ι
253 3887 379 3983 Christi
393 3889 521 3956 decimo
534 3891 652 3975 quinto
663 3891 838 3978 Augustus
848 3895 1003 3970 moritur,
1015 3902 1103 3958 ann‘o
1118 3893 1221 3958 etatis
1238 3915 1300 3961 sue

254 4002 463 4085 sexagesimo
475 4001 603 4069 decimo
615 4006 744 4092 quinto.
756 4008 842 4074 Huic
857 4007 1191 4094 successitTyberius
1201 4013 1237 4077 et
1247 4030 1302 4077 re·
