2790 4792
548 407 725 480 ..29-

108 550 235 618 exibat
260 555 294 618 et
316 572 348 638 ‚a
373 550 569 637 quibusdam
599 554 708 620 oleum
733 556 812 639 qnia
842 553 965 620 coloris
990 551 1055 618 olei
1081 551 1156 616 exi-

110 666 245 733 stebat.

436 915 611 964 NARRATIO
635 916 679 965 DE
703 917 845 966 ANGRLIS

163 1126 213 1189 De
247 1123 475 1191 mundissimis
505 1127 634 1213 angelis
663 1147 803 1213 quornm
831 1127 1042 1213 omnipotens
1067 1128 1155 1192 lleus

112 1241 230 1307 nostri
255 1241 451 1307 monasterii
478 1240 593 1308 Sancti
617 1243 711 1310 Petri
734 1241 1157 1328 habitatoribusprestitit

115 1353 287 1442 suffragia
310 1375 377 1420 non
396 1355 512 1421 deesse
536 1362 637 1442 prout
660 1358 695 1422 in
716 1357 836 1444 maj0ri
860 1357 961 1424 altari
982 1355 1061 1423 dicti
1084 1376 1157 1421 mo-

115 1471 263 1536 nosterii
280 1476 456 1556 apparete
473 1472 591 1538 Decet
607 1472 737 1559 angelis
754 1471 908 1539 dedicato
919 1472 1062 1537 scribam
1074 1473 1159 1538 visi·
1240 1530 1246 1539 .

113 1587 280 1664 tationes,
290 1586 548 1664 consolationes,
559 1588 837 1672 operationesque
846 1565 979 1654 divinas
991 1587 1081 1652 circa
1092 1604 1159 1651 mo·

115 1702 306 1768 nasterium
323 1700 509 1787 predictum
528 1701 637 1768 factas
657 1704 692 1767 et
712 1701 847 1769 habitas
862 1700 1075 1768 recordabor.

193 1949 237 1996 DE
258 1949 382 2007 MlJoRI
405 1949 530 1998 aarum
554 1951 576 1997 A
597 1951 661 1999 1)Εο
683 1951 728 1998 ΕΤ
750 1921 893 1999 Anonnls
917 1949 1083 1998 numenio
1169 1945 1207 2008 10

165 2162 207 2226 In
220 2160 334 2226 diebus
350 2160 420 2226 illis
437 2160 576 2248 regebat
589 2160 701 2227 sedem
719 2161 936 2248 apostolicam
948 2162 1045 2228 Felix
1057 2182 1156 2249 papa,

118 2278 175 2344 vir
198 2279 268 2344 rite
290 2258 505 2344 venerabilis.
526 2277 650 2343 Sancta
672 2297 753 2344 vero
773 2277 1042 2355 Theodechildis,
1062 2281 1159 2366 virgo

118 2394 339 2469 Francorum¹
353 2409 470 2476 regum
491 2391 719 2477 generositate
736 2391 1022 2458 excellentissima
1038 2392 1160 2458 nobilis
1251 2434 1253 2437 .

119 2512 255 2585 exorta,
266 2507 507 2574 monasterium
517 2506 633 2572 Sancti
643 2505 737 2572 Petri
750 2506 827 2571 Vivi
841 2503 1056 2582 Senonensis,
1070 2508 1162 2590 post-

61 2625 67 2635 '
120 2643 254 2710 quama
267 2622 495 2689 fundamentis
511 2619 553 2687 ad
569 2640 735 2686 summum
749 2619 879 2686 culmen
890 2620 1046 2705 provenit
1061 2623 1162 2705 atque

121 2738 209 2803 illud
228 2736 345 2825 opibus
366 2737 506 2805 ditando
521 2736 934 2815 nobilitavit,convcoavit
945 2736 1162 2822 vicinospon·

120 2853 233 2922 tifices
256 2854 299 2919 ad
318 2853 562 2920 dedicationem
587 2852 785 2918 monasterii
808 2856 846 2919 et
864 2851 1002 2937 majoris
1026 2852 1159 2919 altaris.

121 2970 325 3037 Presidebat
340 2989 379 3035 ec
395 2973 547 3056 tempore
563 2967 747 3034 Senonensi
764 2968 902 3033 ecclesie
919 2971 1055 3034 sanctus
1076 2968 1162 3034 Era·

122 3085 210 3151 clius
224 3084 400 3170 precipuus
414 3084 605 3150 sanctitate.
624 3082 783 3167 Denique,
801 3082 997 3169 congregati
1012 3082 1162 3166 presules

123 3199 204 3263 dum
217 3203 350 3266 noctem
362 3197 572 3264 orationibus
587 3201 620 3264 et
632 3197 758 3284 vigiliis
768 3197 928 3263 ducerent
940 3198 1160 3283 insompnem,
1172 3216 1211 3279 20

124 3318 326 3380 meruerunt
347 3312 464 3378 andire
482 3331 582 3378 voces
602 3312 773 3398 angelicas
800 3313 836 3376 in
855 3311 919 3378 hac
938 3312 1080 3378 ecclesia
1104 3311 1164 3378 de-

123 3433 305 3495 cantantes
321 3451 329 3508 ;
347 3447 446 3493 mane
464 3447 559 3494 vero.
569 3426 745 3514 pontifices
769 3427 878 3493 sancti
902 3426 944 3492 ad
963 3447 1166 3493 consecran-

123 3543 207 3609 dum
226 3543 333 3608 altare
347 3541 556 3619 accedentes,
578 3541 737 3609 viderunt
753 3560 814 3627 per
834 3545 979 3625 quatuor
995 3545 1111 3627 partes
1129 3545 1168 3607 et

124 3660 163 3722 in
184 3656 293 3722 medio
312 3658 399 3742 parii
415 3631 594 3722 marmorei
613 3657 779 3741 impressa
795 3654 1029 3722 decentissime
1048 3657 1166 3741 signa·

125 3773 206 3841 cula
223 3776 344 3839 sancte
373 3772 494 3838 crucis.
518 3771 590 3845 Qua
611 3770 658 3835 de
682 3790 720 3835 re
744 3775 901 3855 patenter
923 3771 1165 3840 intellexerunt

125 3887 220 3974 qnod
237 3887 388 3972 angelica
403 3874 530 3969 virtute
553 3885 663 3954 altare
678 3884 865 3971 predictum
894 3889 984 3952 esset
1001 3886 1167 3956 divinitus·
1196 3974 1199 3979 ,

127 4006 376 4084 consecratum.
439 4064 442 4069 Α
