2790 4792
705 423 836 490 -208
859 457 903 476 -

334 571 418 637 Item
439 567 522 634 obiit
542 566 738 645 Niclrolaus,
760 567 908 655 prebiter
926 567 1250 647 Sancti-Saviniani,
1269 589 1332 656 pro

291 693 354 760 quo
378 672 479 739 habet
502 677 712 751 conventus,
743 694 844 760 super
867 676 998 742 vineam
1020 676 1056 741 in
1085 694 1206 762 campo
1239 675 1332 741 Fen-

290 788 400 853 Droue
431 791 466 853 ct
506 806 605 872 super
623 788 764 856 ⁴vineam
790 787 832 853 ad
863 786 1040 866 Genseias,
1070 789 1104 855 vi
1136 809 1163 855 s.
1192 791 1218 854 ii
1238 787 1272 853 d.
1295 809 1327 874 p.

289 901 475 970 reddendos
499 900 541 966 ad
566 901 792 988 supradictum
812 905 1005 971 terminum.

319 1025 374 1072 Istis
394 1025 491 1079 duobus
512 1023 691 1072 anniversariis
713 1027 737 1072 el
756 1037 800 1086 pro
817 1026 988 1075 anniversario
1003 1026 1107 1074 Adeliue
1123 1025 1154 1074 de
1167 1026 1332 1092 Servigniaoo

290 1114 356 1174 quod
368 1113 395 1160 fit
406 1113 434 1161 iu
446 1114 582 1174 Septembri
590 1119 614 1161 et
625 1113 651 1161 in
663 1112 706 1161 illo
719 1115 779 1162 resto
790 1115 924 1176 scriphilur
934 1115 977 1162 ille
986 1115 1030 1175 qui
1042 1115 1121 1174 debet,
1137 1118 1161 1163 at
1173 1119 1332 1179 computatur

289 1201 506 1262 upilauoiario.-
522 1204 612 1250 Petrus
627 1204 755 1251 Avuncult
765 1215 799 1250 xx
809 1216 830 1251 a.
840 1217 868 1262 p.
880 1209 904 1250 et
917 1204 1022 1251 Parios
1036 1205 1126 1251 Guibet
1136 1217 1159 1251 o.
1171 1217 1194 1252 a.
1205 1217 1234 1262 p.

337 1301 461 1372 Eadem
494 1303 560 1380 die,
590 1300 674 1368 obiit
703 1300 860 1384 Thomas,
893 1300 1058 1388 quondum
1090 1301 1187 1387 prior
1200 1301 1333 1372 Sancti·

290 1418 474 1495 Sanctiani,
502 1435 563 1503 pro
591 1436 654 1501 quo
682 1415 785 1484 habet
809 1420 1005 1499 conventus,
1049 1402 1150 1503 super
1181 1416 1332 1503 quinque

225 1548 232 1561 '
290 1534 463 1623 quarteria
481 1531 578 1600 vinee
601 1530 702 1616 juxta
725 1531 854 1598 oalmen
877 1531 1201 1610 Sancti-Sanctiaui,
1224 1532 1276 1597 iiii
1301 1552 1331 1599 s.

286 1672 332 1736 p.,
353 1648 433 1714 vid.
453 1645 645 1722 elemosina,
658 1646 692 1711 vi
709 1643 741 1710 d.
760 1645 962 1732 pulsatores,
981 1644 1169 1712 reddendos
1182 1646 1218 1711 iu
1234 1665 1334 1713 cras-

287 1766 359 1832 tino
380 1762 764 1829 Omnium-Sanctorum.

318 1887 385 1935 Istud
398 1885 598 1934 anniversarium
613 1887 768 1944 computatur
780 1882 807 1932 in
821 1882 880 1932 laeto
890 1884 1189 1940 Omnium-Sanctorum,
1197 1884 1261 1945 qula
1274 1888 1335 1933 lunc

281 1963 399 2026 'deletum
415 2001 445 2011 -
459 1975 599 2021 Mater-inus
611 1974 752 2029 scutarius.

333 2075 365 2138 7.
385 2109 428 2120 —
448 2073 566 2140 Nonis.
593 2107 636 2118 —
660 2069 824 2138 Obieruut
846 2071 1047 2139 Lambertus
1062 2075 1096 2137 et
1111 2071 1330 2151 Helisabeth,

289 2206 386 2271 uxor,
410 2205 470 2274 pro
486 2185 604 2273 quibus
618 2185 718 2253 habet
734 2191 932 2265 conventus,
958 2206 1058 2273 snper
1075 2191 1207 2254 terram
1229 2207 1334 2272 quam

289 2304 370 2370 emit
391 2303 449 2381 Η.,
467 2301 698 2377 marescallus,
715 2300 805 2367 filius
822 2321 950 2380 eorum,
973 2301 1060 2388 apud
1075 2301 1336 2370 Sanctum-Lu·

288 2439 379 2505 pum,
405 2421 441 2485 ix
458 2438 486 2483 s.
509 2418 543 2483 vi
560 2417 591 2483 d.
612 2438 661 2503 p.,·
681 2416 764 2483 vid.
787 2418 981 2484 elemosina.

319 2545 386 2593 Prior
398 2544 427 2591 do
438 2544 531 2592 Naudo.

334 2645 366 2708 8.
384 2677 427 2694 -
442 2643 526 2708 VIII
545 2640 610 2707 Yd.
636 2677 681 2688 -
704 2639 765 2706 Ob.

332 2768 492 2834 9.-v11
507 2766 622 2832 Yd.—
637 2765 751 2833 Sancti
768 2765 920 2832 Dionisii.
932 2765 1024 2834 Obiit
1045 2768 1213 2854 magister
1225 2771 1335 2839 Bene·

290 2881 412 2960 dictus,
427 2883 607 2947 canonicus
619 2881 852 2958 Bituricensis,
862 2901 996 2967 proquo
1008 2881 1111 2948 habet
1127 2890 1330 2969 conventus,

289 3017 389 3084 super
399 2998 532 3062 vineam
540 2994 580 3061 de
593 2995 734 3061 cualliel
744 2995 891 3063 Sancti-J
894 2995 1049 3077 ohannis,
1061 2998 1098 3060 ix
1110 3017 1138 3061 s.
1150 3001 1237 3077 tur„
1247 3003 1284 3066 vi
1299 3001 1331 3066 d.

256 3161 264 3168 .
290 3112 484 3189 elemosina,
495 3112 528 3177 vi
544 3110 576 3176 d.
589 3110 791 3197 pulsatores,
805 3109 1045 3197 persolvendos
1054 3111 1088 3175 in
1100 3110 1190 3178 festo
1200 3114 1335 3183 Sancti·

289 3228 454 3314 Dyouisii,
470 3228 552 3293 utin
564 3226 688 3294 litteris
700 3227 791 3292 curie
808 3225 1010 3292 Senoneusis
1028 3228 1236 3295 continetur.

319 3353 438 3401 canonici
453 3352 535 3399 Sancti
550 3350 635 3400 (lirici.

337 3455 387 3518 10.
411 3488 454 3503 ·-
476 3450 524 3516 Vl
549 3448 615 3514 Yd.
650 3483 692 3498 -
717 3447 879 3514 Obieruut
910 3448 1077 3515 Letardus
1099 3444 1232 3529 Maure,
1263 3453 1333 3518 Ro-

288 3568 404 3636 bertus
421 3572 456 3635 et
470 3566 644 3652 Dyouisia,
666 3585 727 3652 pro
750 3563 870 3649 quibus
888 3563 991 3630 habet
1008 3569 1209 3643 conventus,
1231 3586 1332 3654 super

290 3685 457 3749 sanceium
469 3664 518 3748 ¹au
543 3701 584 3746 ru
603 3679 708 3746 Belim
728 3679 814 3765 quod
831 3679 894 3747 luit
914 3679 1076 3765 Stephani
1092 3681 1254 3760 Bousart,
1272 3683 1330 3746 xix

290 3819 317 3864 s.
334 3803 376 3876 t.‚
388 3796 463 3865 vid.
483 3796 722 3886 elemosinarii
733 3795 765 3861 d.
774 3796 977 3882 pulsatores,
992 3794 1056 3860 hac
1070 3793 1124 3860 die
1137 3795 1324 3877 solvendos,

288 3918 322 3979 et
344 3897 456 4001 potest
477 3913 583 3978 sasire
601 3916 784 3980 conventus
805 3932 865 3999 pro
886 3911 1019 3979 defectu
1037 3911 1217 3979 solutionIs
1238 3913 1324 3978 utin

289 4027 413 4096 litteris
433 4029 636 4095 continetur.
685 4058 687 4063 ·
