<?xml version="1.0" encoding="UTF-8"?>
<!DOCTYPE html PUBLIC "-//W3C//DTD XHTML 1.0 Transitional//EN"
    "http://www.w3.org/TR/xhtml1/DTD/xhtml1-transitional.dtd">
<html xmlns="http://www.w3.org/1999/xhtml" xml:lang="en" lang="en">
 <head>
  <title>
</title>
<meta http-equiv="Content-Type" content="text/html;charset=utf-8" />
  <meta name='ocr-system' content='tesseract 3.04.00' />
  <meta name='ocr-capabilities' content='ocr_page ocr_carea ocr_par ocr_line ocrx_word'/>
</head>
<body>
  <div class='ocr_page' id='page_1' title='image "./lelivredesreliq00jullgoog_0212.png"; bbox 0 0 2782 4786; ppageno 0'>
   <div class='ocr_carea' id='block_1_1' title="bbox 507 363 772 466">
    <p class='ocr_par' dir='ltr' id='par_1_1' title="bbox 507 363 772 466">
     <span class='ocr_line' id='line_1_1' title="bbox 507 363 772 466; baseline 0.03 -8"><span class='ocrx_word' id='word_1_1' title='bbox 507 363 510 368; x_wconf 76' lang='grc'><strong>’</strong></span> <span class='ocrx_word' id='word_1_2' title='bbox 575 429 619 444; x_wconf 95' lang='grc'>-</span> <span class='ocrx_word' id='word_1_3' title='bbox 641 394 704 460; x_wconf 84' lang='lat' dir='ltr'>roo</span> <span class='ocrx_word' id='word_1_4' title='bbox 725 429 772 466; x_wconf 17' lang='lat' dir='ltr'>-r</span> 
     </span>
    </p>
   </div>
   <div class='ocr_carea' id='block_1_2' title="bbox 151 572 1187 852">
    <p class='ocr_par' dir='ltr' id='par_1_2' title="bbox 151 572 1187 852">
     <span class='ocr_line' id='line_1_2' title="bbox 197 572 1187 631; baseline -0.001 -11"><span class='ocrx_word' id='word_1_5' title='bbox 197 575 261 620; x_wconf 75' lang='lat' dir='ltr'>Huc</span> <span class='ocrx_word' id='word_1_6' title='bbox 285 575 372 621; x_wconf 87' lang='lat' dir='ltr'>SUNT</span> <span class='ocrx_word' id='word_1_7' title='bbox 390 573 454 624; x_wconf 79' lang='lat' dir='ltr'>SUB</span> <span class='ocrx_word' id='word_1_8' title='bbox 479 573 705 631; x_wconf 77' lang='lat' dir='ltr'><strong>BREVILOQUIO</strong></span> <span class='ocrx_word' id='word_1_9' title='bbox 726 572 792 630; x_wconf 74' lang='lat' dir='ltr'>Qus</span> <span class='ocrx_word' id='word_1_10' title='bbox 811 573 847 620; x_wconf 91' lang='lat' dir='ltr'>IN</span> <span class='ocrx_word' id='word_1_11' title='bbox 863 573 989 620; x_wconf 64' lang='lat' dir='ltr'>Mincio</span> <span class='ocrx_word' id='word_1_12' title='bbox 1006 573 1187 620; x_wconf 77' lang='lat' dir='ltr'>DEBENTUR</span> 
     </span>
     <span class='ocr_line' id='line_1_3' title="bbox 151 670 1187 769; baseline 0.001 -35"><span class='ocrx_word' id='word_1_13' title='bbox 151 689 174 734; x_wconf 83' lang='grc' dir='ltr'>Α</span> <span class='ocrx_word' id='word_1_14' title='bbox 198 670 424 769; x_wconf 73' lang='lat' dir='ltr'>sununnnl&#39;sus</span> <span class='ocrx_word' id='word_1_15' title='bbox 451 687 615 748; x_wconf 81' lang='lat' dir='ltr'><strong>TANTUM,</strong></span> <span class='ocrx_word' id='word_1_16' title='bbox 641 689 684 736; x_wconf 83' lang='grc' dir='ltr'>ΕΤ</span> <span class='ocrx_word' id='word_1_17' title='bbox 716 687 837 735; x_wconf 71' lang='lat' dir='ltr'>cunum</span> <span class='ocrx_word' id='word_1_18' title='bbox 867 687 925 745; x_wconf 84' lang='lat' dir='ltr'>QUI</span> <span class='ocrx_word' id='word_1_19' title='bbox 953 688 1087 736; x_wconf 81' lang='lat' dir='ltr'>DEBENT</span> <span class='ocrx_word' id='word_1_20' title='bbox 1119 688 1187 735; x_wconf 88' lang='lat' dir='ltr'>NON</span> 
     </span>
     <span class='ocr_line' id='line_1_4' title="bbox 151 802 635 852; baseline -0.002 -3"><span class='ocrx_word' id='word_1_21' title='bbox 151 802 408 850; x_wconf 79' lang='lat' dir='ltr'>GOMPUTANTUR</span> <span class='ocrx_word' id='word_1_22' title='bbox 422 803 496 851; x_wconf 74' lang='lat' dir='ltr'>Isuo</span> <span class='ocrx_word' id='word_1_23' title='bbox 512 803 635 852; x_wconf 79' lang='lat' dir='ltr'>MENSE.</span> 
     </span>
    </p>
   </div>
   <div class='ocr_carea' id='block_1_3' title="bbox 183 943 859 1106">
    <p class='ocr_par' dir='ltr' id='par_1_3' title="bbox 183 943 859 1106">
     <span class='ocr_line' id='line_1_5' title="bbox 197 943 859 1031; baseline -0.002 -23"><span class='ocrx_word' id='word_1_24' title='bbox 197 945 263 1010; x_wconf 87' lang='lat' dir='ltr'>Pro</span> <span class='ocrx_word' id='word_1_25' title='bbox 284 945 462 1031; x_wconf 76' lang='grc' dir='ltr'>(11116116,ι</span> <span class='ocrx_word' id='word_1_26' title='bbox 486 943 660 1020; x_wconf 85' lang='lat' dir='ltr'>oelerario,</span> <span class='ocrx_word' id='word_1_27' title='bbox 675 943 723 1007; x_wconf 86' lang='lat' dir='ltr'>xii</span> <span class='ocrx_word' id='word_1_28' title='bbox 741 963 768 1007; x_wconf 75' lang='lat' dir='ltr'>e.</span> <span class='ocrx_word' id='word_1_29' title='bbox 786 962 859 1028; x_wconf 84' lang='lat' dir='ltr'>par.</span> 
     </span>
     <span class='ocr_line' id='line_1_6' title="bbox 183 1057 461 1106; baseline -0.011 0"><span class='ocrx_word' id='word_1_30' title='bbox 183 1059 315 1106; x_wconf 75' lang='lat' dir='ltr'>liutherius</span> <span class='ocrx_word' id='word_1_31' title='bbox 328 1057 461 1105; x_wconf 74' lang='lat' dir='ltr'>lauterius.</span> 
     </span>
    </p>
   </div>
   <div class='ocr_carea' id='block_1_4' title="bbox 198 1133 1180 1232">
    <p class='ocr_par' dir='ltr' id='par_1_4' title="bbox 198 1133 1180 1232">
     <span class='ocr_line' id='line_1_7' title="bbox 198 1133 1180 1232; baseline -0.005 -21"><span class='ocrx_word' id='word_1_32' title='bbox 198 1148 264 1212; x_wconf 92' lang='lat' dir='ltr'>Pro</span> <span class='ocrx_word' id='word_1_33' title='bbox 278 1148 297 1212; x_wconf 89' lang='lat' dir='ltr'>J</span> <span class='ocrx_word' id='word_1_34' title='bbox 300 1146 402 1213; x_wconf 82' lang='lat' dir='ltr'>noobo</span> <span class='ocrx_word' id='word_1_35' title='bbox 417 1146 456 1211; x_wconf 87' lang='grc'>(16</span> <span class='ocrx_word' id='word_1_36' title='bbox 471 1145 577 1232; x_wconf 88' lang='lat' dir='ltr'>burgo</span> <span class='ocrx_word' id='word_1_37' title='bbox 596 1145 838 1222; x_wconf 86' lang='lat' dir='ltr'>Sancti-Petri,</span> <span class='ocrx_word' id='word_1_38' title='bbox 856 1143 975 1221; x_wconf 87' lang='lat' dir='ltr'>milite,</span> <span class='ocrx_word' id='word_1_39' title='bbox 998 1163 1046 1208; x_wconf 86' lang='lat' dir='ltr'>xx</span> <span class='ocrx_word' id='word_1_40' title='bbox 1058 1164 1086 1208; x_wconf 80' lang='lat' dir='ltr'>s,</span> <span class='ocrx_word' id='word_1_41' title='bbox 1104 1164 1134 1228; x_wconf 91' lang='lat' dir='ltr'>p.</span> <span class='ocrx_word' id='word_1_42' title='bbox 1178 1133 1180 1137; x_wconf 68' lang='grc'><strong>’</strong></span> 
     </span>
    </p>
   </div>
   <div class='ocr_carea' id='block_1_5' title="bbox 150 1258 1185 1411">
    <p class='ocr_par' dir='ltr' id='par_1_5' title="bbox 150 1258 1185 1411">
     <span class='ocr_line' id='line_1_8' title="bbox 183 1258 1185 1320; baseline 0.001 -15"><span class='ocrx_word' id='word_1_43' title='bbox 183 1259 335 1307; x_wconf 76' lang='lat' dir='ltr'>castellanus</span> <span class='ocrx_word' id='word_1_44' title='bbox 345 1275 370 1308; x_wconf 90' lang='lat' dir='ltr'>x.</span> <span class='ocrx_word' id='word_1_45' title='bbox 385 1275 404 1308; x_wconf 88' lang='lat' dir='ltr'>s.</span> <span class='ocrx_word' id='word_1_46' title='bbox 417 1274 470 1320; x_wconf 83' lang='lat' dir='ltr'>per.</span> <span class='ocrx_word' id='word_1_47' title='bbox 482 1285 511 1295; x_wconf 97' lang='lat'><em>-</em></span> <span class='ocrx_word' id='word_1_48' title='bbox 532 1259 645 1320; x_wconf 74' lang='lat' dir='ltr'>Magister</span> <span class='ocrx_word' id='word_1_49' title='bbox 660 1259 789 1307; x_wconf 74' lang='lat' dir='ltr'>teubertus</span> <span class='ocrx_word' id='word_1_50' title='bbox 803 1258 821 1307; x_wconf 95' lang='lat' dir='ltr'>li</span> <span class='ocrx_word' id='word_1_51' title='bbox 832 1261 921 1319; x_wconf 80' lang='lat' dir='ltr'>jeunes</span> <span class='ocrx_word' id='word_1_52' title='bbox 934 1260 970 1308; x_wconf 88' lang='lat' dir='ltr'>vii</span> <span class='ocrx_word' id='word_1_53' title='bbox 986 1273 1006 1306; x_wconf 88' lang='lat' dir='ltr'>s.</span> <span class='ocrx_word' id='word_1_54' title='bbox 1025 1260 1052 1306; x_wconf 91' lang='lat' dir='ltr'>vi</span> <span class='ocrx_word' id='word_1_55' title='bbox 1068 1259 1094 1311; x_wconf 87' lang='lat' dir='ltr'>d.</span> <span class='ocrx_word' id='word_1_56' title='bbox 1112 1273 1136 1319; x_wconf 90' lang='lat' dir='ltr'>p.</span> <span class='ocrx_word' id='word_1_57' title='bbox 1156 1284 1185 1294; x_wconf 91' lang='lat'>-</span> 
     </span>
     <span class='ocr_line' id='line_1_9' title="bbox 150 1345 876 1411; baseline 0.004 -19"><span class='ocrx_word' id='word_1_58' title='bbox 150 1345 232 1393; x_wconf 84' lang='lat' dir='ltr'>Glrert</span> <span class='ocrx_word' id='word_1_59' title='bbox 242 1347 330 1394; x_wconf 86' lang='lat' dir='ltr'>Prieux</span> <span class='ocrx_word' id='word_1_60' title='bbox 341 1361 357 1394; x_wconf 82' lang='lat' dir='ltr'>x</span> <span class='ocrx_word' id='word_1_61' title='bbox 365 1348 390 1395; x_wconf 87' lang='grc'>(1.</span> <span class='ocrx_word' id='word_1_62' title='bbox 401 1361 428 1408; x_wconf 95' lang='lat' dir='ltr'>p.</span> <span class='ocrx_word' id='word_1_63' title='bbox 436 1373 468 1384; x_wconf 92' lang='lat'><em>-</em></span> <span class='ocrx_word' id='word_1_64' title='bbox 483 1347 602 1395; x_wconf 86' lang='lat' dir='ltr'>Borthelol</span> <span class='ocrx_word' id='word_1_65' title='bbox 616 1347 703 1396; x_wconf 85' lang='lat' dir='ltr'>Prleux</span> <span class='ocrx_word' id='word_1_66' title='bbox 718 1360 750 1394; x_wconf 82' lang='lat' dir='ltr'>xx</span> <span class='ocrx_word' id='word_1_67' title='bbox 761 1349 787 1395; x_wconf 89' lang='lat' dir='ltr'>d.</span> <span class='ocrx_word' id='word_1_68' title='bbox 806 1362 830 1408; x_wconf 90' lang='lat' dir='ltr'>p.</span> <span class='ocrx_word' id='word_1_69' title='bbox 843 1346 876 1411; x_wconf 88' lang='grc'>(1)</span> 
     </span>
    </p>
   </div>
   <div class='ocr_carea' id='block_1_6' title="bbox 184 1434 1081 1608">
    <p class='ocr_par' dir='ltr' id='par_1_6' title="bbox 184 1434 1081 1608">
     <span class='ocr_line' id='line_1_10' title="bbox 196 1434 1081 1522; baseline 0.007 -26"><span class='ocrx_word' id='word_1_70' title='bbox 196 1434 263 1500; x_wconf 87' lang='lat' dir='ltr'>Pro</span> <span class='ocrx_word' id='word_1_71' title='bbox 276 1434 446 1500; x_wconf 89' lang='lat' dir='ltr'>Hulduino</span> <span class='ocrx_word' id='word_1_72' title='bbox 460 1440 494 1503; x_wconf 93' lang='lat' dir='ltr'>et</span> <span class='ocrx_word' id='word_1_73' title='bbox 507 1434 704 1513; x_wconf 88' lang='lat' dir='ltr'>Petronilla‚</span> <span class='ocrx_word' id='word_1_74' title='bbox 731 1455 836 1502; x_wconf 87' lang='lat' dir='ltr'>uxore</span> <span class='ocrx_word' id='word_1_75' title='bbox 856 1436 940 1522; x_wconf 87' lang='lat' dir='ltr'>ejus,</span> <span class='ocrx_word' id='word_1_76' title='bbox 960 1457 979 1502; x_wconf 88' lang='lat' dir='ltr'>v</span> <span class='ocrx_word' id='word_1_77' title='bbox 998 1455 1025 1500; x_wconf 86' lang='lat' dir='ltr'>s.</span> <span class='ocrx_word' id='word_1_78' title='bbox 1044 1439 1081 1502; x_wconf 81' lang='lat' dir='ltr'>t.-</span> 
     </span>
     <span class='ocr_line' id='line_1_11' title="bbox 184 1547 536 1608; baseline 0.006 -14"><span class='ocrx_word' id='word_1_79' title='bbox 184 1548 309 1596; x_wconf 83' lang='lat' dir='ltr'>Dionisius</span> <span class='ocrx_word' id='word_1_80' title='bbox 320 1547 431 1595; x_wconf 85' lang='lat' dir='ltr'>Ghubins</span> <span class='ocrx_word' id='word_1_81' title='bbox 441 1562 457 1595; x_wconf 89' lang='lat' dir='ltr'>x</span> <span class='ocrx_word' id='word_1_82' title='bbox 474 1548 499 1595; x_wconf 87' lang='lat' dir='ltr'>d.</span> <span class='ocrx_word' id='word_1_83' title='bbox 510 1561 536 1608; x_wconf 88' lang='lat' dir='ltr'>p.</span> 
     </span>
    </p>
   </div>
   <div class='ocr_carea' id='block_1_7' title="bbox 151 1628 1184 1898">
    <p class='ocr_par' dir='ltr' id='par_1_7' title="bbox 151 1628 1184 1898">
     <span class='ocr_line' id='line_1_12' title="bbox 196 1628 853 1723; baseline 0.005 -23"><span class='ocrx_word' id='word_1_84' title='bbox 196 1629 262 1701; x_wconf 85' lang='lat' dir='ltr'>Pro</span> <span class='ocrx_word' id='word_1_85' title='bbox 277 1635 398 1702; x_wconf 86' lang='lat' dir='ltr'>relicta</span> <span class='ocrx_word' id='word_1_86' title='bbox 413 1637 507 1704; x_wconf 88' lang='lat' dir='ltr'>Petri</span> <span class='ocrx_word' id='word_1_87' title='bbox 522 1635 661 1702; x_wconf 84' lang='lat' dir='ltr'>thalle</span> <span class='ocrx_word' id='word_1_88' title='bbox 676 1628 709 1703; x_wconf 88' lang='lat' dir='ltr'>vi</span> <span class='ocrx_word' id='word_1_89' title='bbox 724 1656 753 1703; x_wconf 90' lang='lat' dir='ltr'>s.</span> <span class='ocrx_word' id='word_1_90' title='bbox 771 1649 853 1723; x_wconf 68' lang='lat' dir='ltr'>par:</span> 
     </span>
     <span class='ocr_line' id='line_1_13' title="bbox 182 1749 1184 1823; baseline -0.001 -27"><span class='ocrx_word' id='word_1_91' title='bbox 182 1750 318 1807; x_wconf 79' lang='lat' dir='ltr'>lohannes,</span> <span class='ocrx_word' id='word_1_92' title='bbox 328 1749 347 1796; x_wconf 92' lang='lat' dir='ltr'>li</span> <span class='ocrx_word' id='word_1_93' title='bbox 358 1750 473 1823; x_wconf 85' lang='lat' dir='ltr'>oordiors‚</span> <span class='ocrx_word' id='word_1_94' title='bbox 483 1750 513 1797; x_wconf 92' lang='lat' dir='ltr'>iii</span> <span class='ocrx_word' id='word_1_95' title='bbox 525 1763 546 1797; x_wconf 85' lang='lat' dir='ltr'>s.</span> <span class='ocrx_word' id='word_1_96' title='bbox 564 1765 588 1811; x_wconf 90' lang='lat' dir='ltr'>p.</span> <span class='ocrx_word' id='word_1_97' title='bbox 605 1775 636 1785; x_wconf 90' lang='lat'>·-</span> <span class='ocrx_word' id='word_1_98' title='bbox 653 1751 746 1797; x_wconf 84' lang='lat' dir='ltr'>Dinons</span> <span class='ocrx_word' id='word_1_99' title='bbox 761 1751 795 1798; x_wconf 82' lang='lat' dir='ltr'>xii</span> <span class='ocrx_word' id='word_1_100' title='bbox 812 1752 836 1798; x_wconf 90' lang='lat' dir='ltr'>d.</span> <span class='ocrx_word' id='word_1_101' title='bbox 850 1764 875 1810; x_wconf 89' lang='lat' dir='ltr'>p.</span> <span class='ocrx_word' id='word_1_102' title='bbox 890 1775 920 1786; x_wconf 90' lang='lat'>-</span> <span class='ocrx_word' id='word_1_103' title='bbox 937 1752 1023 1798; x_wconf 82' lang='lat' dir='ltr'>Robort</span> <span class='ocrx_word' id='word_1_104' title='bbox 1034 1752 1054 1798; x_wconf 93' lang='lat' dir='ltr'>li</span> <span class='ocrx_word' id='word_1_105' title='bbox 1066 1753 1184 1798; x_wconf 84' lang='lat' dir='ltr'>Norment</span> 
     </span>
     <span class='ocr_line' id='line_1_14' title="bbox 151 1834 747 1898; baseline 0.003 -14"><span class='ocrx_word' id='word_1_106' title='bbox 151 1834 186 1884; x_wconf 84' lang='lat' dir='ltr'>xii</span> <span class='ocrx_word' id='word_1_107' title='bbox 198 1838 223 1887; x_wconf 91' lang='lat' dir='ltr'>d.</span> <span class='ocrx_word' id='word_1_108' title='bbox 238 1850 264 1897; x_wconf 91' lang='lat' dir='ltr'>p.</span> <span class='ocrx_word' id='word_1_109' title='bbox 276 1863 305 1873; x_wconf 94' lang='lat'><em>-</em></span> <span class='ocrx_word' id='word_1_110' title='bbox 319 1839 364 1884; x_wconf 86' lang='lat' dir='ltr'>Les</span> <span class='ocrx_word' id='word_1_111' title='bbox 376 1838 439 1885; x_wconf 87' lang='lat' dir='ltr'>lllles</span> <span class='ocrx_word' id='word_1_112' title='bbox 448 1839 517 1885; x_wconf 81' lang='lat' dir='ltr'>Felix</span> <span class='ocrx_word' id='word_1_113' title='bbox 533 1838 555 1887; x_wconf 87' lang='lat' dir='ltr'>le</span> <span class='ocrx_word' id='word_1_114' title='bbox 566 1838 622 1886; x_wconf 91' lang='lat' dir='ltr'>Noir</span> <span class='ocrx_word' id='word_1_115' title='bbox 634 1839 669 1886; x_wconf 84' lang='lat' dir='ltr'>xii</span> <span class='ocrx_word' id='word_1_116' title='bbox 681 1839 705 1887; x_wconf 88' lang='lat' dir='ltr'>d.</span> <span class='ocrx_word' id='word_1_117' title='bbox 723 1852 747 1898; x_wconf 92' lang='lat' dir='ltr'>p.</span> 
     </span>
    </p>
   </div>
   <div class='ocr_carea' id='block_1_8' title="bbox 183 1927 973 2103">
    <p class='ocr_par' dir='ltr' id='par_1_8' title="bbox 183 1927 973 2103">
     <span class='ocr_line' id='line_1_15' title="bbox 195 1927 973 2019; baseline 0.004 -29"><span class='ocrx_word' id='word_1_118' title='bbox 195 1927 261 1992; x_wconf 93' lang='lat' dir='ltr'>Pro</span> <span class='ocrx_word' id='word_1_119' title='bbox 273 1927 450 1992; x_wconf 86' lang='lat' dir='ltr'>Gnillelmo</span> <span class='ocrx_word' id='word_1_120' title='bbox 462 1927 503 1993; x_wconf 87' lang='lat' dir='ltr'>de</span> <span class='ocrx_word' id='word_1_121' title='bbox 522 1928 687 2019; x_wconf 81' lang='lat' dir='ltr'>Fossatis,</span> <span class='ocrx_word' id='word_1_122' title='bbox 704 1929 823 2009; x_wconf 83' lang='lat' dir='ltr'>milite,</span> <span class='ocrx_word' id='word_1_123' title='bbox 839 1929 875 1993; x_wconf 94' lang='lat' dir='ltr'>iii</span> <span class='ocrx_word' id='word_1_124' title='bbox 892 1950 919 1994; x_wconf 89' lang='lat' dir='ltr'>s.</span> <span class='ocrx_word' id='word_1_125' title='bbox 941 1951 973 2015; x_wconf 92' lang='lat' dir='ltr'>p.</span> 
     </span>
     <span class='ocr_line' id='line_1_16' title="bbox 183 2040 543 2103; baseline 0 -15"><span class='ocrx_word' id='word_1_126' title='bbox 183 2041 264 2088; x_wconf 85' lang='lat' dir='ltr'><strong>Liberi</strong></span> <span class='ocrx_word' id='word_1_127' title='bbox 273 2042 303 2089; x_wconf 85' lang='lat' dir='ltr'>de</span> <span class='ocrx_word' id='word_1_128' title='bbox 312 2040 456 2103; x_wconf 80' lang='lat' dir='ltr'>villaribus,</span> <span class='ocrx_word' id='word_1_129' title='bbox 471 2043 543 2102; x_wconf 79' lang='lat' dir='ltr'>Lope.</span> 
     </span>
    </p>
   </div>
   <div class='ocr_carea' id='block_1_9' title="bbox 151 2109 1181 2339">
    <p class='ocr_par' dir='ltr' id='par_1_9' title="bbox 151 2109 1181 2339">
     <span class='ocr_line' id='line_1_17' title="bbox 194 2109 1181 2215; baseline 0.004 -21"><span class='ocrx_word' id='word_1_130' title='bbox 194 2130 336 2195; x_wconf 80' lang='lat' dir='ltr'>Summo</span> <span class='ocrx_word' id='word_1_131' title='bbox 355 2131 467 2196; x_wconf 77' lang='lat' dir='ltr'>Martii</span> <span class='ocrx_word' id='word_1_132' title='bbox 492 2135 532 2196; x_wconf 79' lang='lat' dir='ltr'>io</span> <span class='ocrx_word' id='word_1_133' title='bbox 558 2136 704 2215; x_wconf 79' lang='lat' dir='ltr'>poeonia</span> <span class='ocrx_word' id='word_1_134' title='bbox 723 2135 799 2197; x_wconf 76' lang='lat' dir='ltr'>simo</span> <span class='ocrx_word' id='word_1_135' title='bbox 825 2131 975 2198; x_wconf 75' lang='lat' dir='ltr'>domibus</span> <span class='ocrx_word' id='word_1_136' title='bbox 997 2109 1028 2198; x_wconf 79' lang='lat' dir='ltr'>et</span> <span class='ocrx_word' id='word_1_137' title='bbox 1044 2135 1124 2198; x_wconf 80' lang='lat' dir='ltr'>otiis</span> <span class='ocrx_word' id='word_1_138' title='bbox 1142 2135 1181 2198; x_wconf 82' lang='lat' dir='ltr'>de</span> 
     </span>
     <span class='ocr_line' id='line_1_18' title="bbox 151 2245 530 2339; baseline 0.003 -32"><span class='ocrx_word' id='word_1_139' title='bbox 151 2253 258 2339; x_wconf 70' lang='lat' dir='ltr'>entre,</span> <span class='ocrx_word' id='word_1_140' title='bbox 278 2247 328 2308; x_wconf 73' lang='lat' dir='ltr'>lico</span> <span class='ocrx_word' id='word_1_141' title='bbox 346 2263 373 2310; x_wconf 75' lang='grc'>1.</span> <span class='ocrx_word' id='word_1_142' title='bbox 388 2265 426 2328; x_wconf 82' lang='lat' dir='ltr'>p.</span> <span class='ocrx_word' id='word_1_143' title='bbox 443 2245 530 2308; x_wconf 80' lang='grc'><strong>11111.</strong></span> 
     </span>
    </p>
   </div>
   <div class='ocr_carea' id='block_1_10' title="bbox 370 2548 962 2599">
    <p class='ocr_par' dir='ltr' id='par_1_10' title="bbox 370 2548 962 2599">
     <span class='ocr_line' id='line_1_19' title="bbox 370 2548 962 2599; baseline 0 -4"><span class='ocrx_word' id='word_1_144' title='bbox 370 2549 491 2597; x_wconf 79' lang='lat' dir='ltr'>MENSIS</span> <span class='ocrx_word' id='word_1_145' title='bbox 511 2548 644 2599; x_wconf 82' lang='lat' dir='ltr'>APRILIS</span> <span class='ocrx_word' id='word_1_146' title='bbox 664 2551 777 2599; x_wconf 80' lang='grc' dir='ltr'><strong>ΗΑΒΕΤ</strong></span> <span class='ocrx_word' id='word_1_147' title='bbox 797 2550 872 2596; x_wconf 78' lang='lat' dir='ltr'>mus</span> <span class='ocrx_word' id='word_1_148' title='bbox 889 2550 962 2597; x_wconf 89' lang='lat' dir='ltr'>XXX</span> 
     </span>
    </p>
   </div>
   <div class='ocr_carea' id='block_1_11' title="bbox 197 2723 1184 2813">
    <p class='ocr_par' dir='ltr' id='par_1_11' title="bbox 197 2723 1184 2813">
     <span class='ocr_line' id='line_1_20' title="bbox 197 2723 1184 2813; baseline 0 -24"><span class='ocrx_word' id='word_1_149' title='bbox 197 2726 226 2789; x_wconf 88' lang='lat' dir='ltr'>l.</span> <span class='ocrx_word' id='word_1_150' title='bbox 240 2725 470 2792; x_wconf 76' lang='lat' dir='ltr'>-Kolendis⁸</span> <span class='ocrx_word' id='word_1_151' title='bbox 492 2727 608 2813; x_wconf 87' lang='lat' dir='ltr'><strong>Super,</strong></span> <span class='ocrx_word' id='word_1_152' title='bbox 628 2727 840 2812; x_wconf 89' lang='lat' dir='ltr'>domumque</span> <span class='ocrx_word' id='word_1_153' title='bbox 864 2727 931 2797; x_wconf 85' lang='lat' dir='ltr'>sita</span> <span class='ocrx_word' id='word_1_154' title='bbox 950 2731 1002 2792; x_wconf 89' lang='lat' dir='ltr'>est</span> <span class='ocrx_word' id='word_1_155' title='bbox 1024 2730 1102 2791; x_wconf 84' lang='lat' dir='ltr'>ante</span> <span class='ocrx_word' id='word_1_156' title='bbox 1124 2723 1184 2790; x_wconf 84' lang='lat' dir='ltr'>ab·</span> 
     </span>
    </p>
   </div>
   <div class='ocr_carea' id='block_1_12' title="bbox 149 2839 1184 3424">
    <p class='ocr_par' dir='ltr' id='par_1_12' title="bbox 149 2839 1070 2925">
     <span class='ocr_line' id='line_1_21' title="bbox 149 2839 1070 2925; baseline -0.001 -21"><span class='ocrx_word' id='word_1_157' title='bbox 149 2839 290 2917; x_wconf 83' lang='lat' dir='ltr'>beolam,</span> <span class='ocrx_word' id='word_1_158' title='bbox 312 2840 415 2907; x_wconf 85' lang='lat' dir='ltr'>habet</span> <span class='ocrx_word' id='word_1_159' title='bbox 429 2846 612 2908; x_wconf 85' lang='lat' dir='ltr'>conventus</span> <span class='ocrx_word' id='word_1_160' title='bbox 628 2842 663 2905; x_wconf 91' lang='lat' dir='ltr'>in</span> <span class='ocrx_word' id='word_1_161' title='bbox 680 2839 733 2906; x_wconf 89' lang='lat' dir='ltr'>die</span> <span class='ocrx_word' id='word_1_162' title='bbox 751 2841 880 2906; x_wconf 85' lang='lat' dir='ltr'>Pasohe</span> <span class='ocrx_word' id='word_1_163' title='bbox 896 2861 916 2904; x_wconf 90' lang='lat' dir='ltr'>x</span> <span class='ocrx_word' id='word_1_164' title='bbox 945 2860 972 2905; x_wconf 77' lang='lat' dir='ltr'>o.</span> <span class='ocrx_word' id='word_1_165' title='bbox 998 2858 1070 2925; x_wconf 84' lang='lat' dir='ltr'>par.</span> 
     </span>
    </p>

    <p class='ocr_par' dir='ltr' id='par_1_13' title="bbox 180 2953 411 3002">
     <span class='ocr_line' id='line_1_22' title="bbox 180 2953 411 3002; baseline 0.004 -3"><span class='ocrx_word' id='word_1_166' title='bbox 180 2954 266 3000; x_wconf 81' lang='lat' dir='ltr'>Petrus</span> <span class='ocrx_word' id='word_1_167' title='bbox 277 2953 411 3002; x_wconf 81' lang='lat' dir='ltr'>Avunculi.</span> 
     </span>
    </p>

    <p class='ocr_par' dir='ltr' id='par_1_14' title="bbox 149 3040 1184 3239">
     <span class='ocr_line' id='line_1_23' title="bbox 190 3040 1184 3126; baseline -0.003 -20"><span class='ocrx_word' id='word_1_168' title='bbox 190 3040 382 3108; x_wconf 80' lang='lat' dir='ltr'>Conventus</span> <span class='ocrx_word' id='word_1_169' title='bbox 397 3041 499 3108; x_wconf 82' lang='lat' dir='ltr'>habet</span> <span class='ocrx_word' id='word_1_170' title='bbox 522 3042 556 3106; x_wconf 93' lang='lat' dir='ltr'>in</span> <span class='ocrx_word' id='word_1_171' title='bbox 583 3041 636 3106; x_wconf 89' lang='lat' dir='ltr'>dio</span> <span class='ocrx_word' id='word_1_172' title='bbox 655 3041 799 3119; x_wconf 83' lang='lat' dir='ltr'>Pasohe‚</span> <span class='ocrx_word' id='word_1_173' title='bbox 821 3060 921 3126; x_wconf 88' lang='lat' dir='ltr'>super</span> <span class='ocrx_word' id='word_1_174' title='bbox 940 3040 1074 3105; x_wconf 88' lang='lat' dir='ltr'>domum</span> <span class='ocrx_word' id='word_1_175' title='bbox 1095 3040 1184 3125; x_wconf 82' lang='lat' dir='ltr'>lapi·</span> 
     </span>
     <span class='ocr_line' id='line_1_24' title="bbox 149 3152 999 3239; baseline -0.002 -22"><span class='ocrx_word' id='word_1_176' title='bbox 149 3152 245 3218; x_wconf 85' lang='lat' dir='ltr'>deam</span> <span class='ocrx_word' id='word_1_177' title='bbox 260 3153 302 3219; x_wconf 83' lang='lat' dir='ltr'>ad</span> <span class='ocrx_word' id='word_1_178' title='bbox 313 3158 446 3239; x_wconf 86' lang='lat' dir='ltr'>portam</span> <span class='ocrx_word' id='word_1_179' title='bbox 458 3154 730 3232; x_wconf 85' lang='lat' dir='ltr'>Sancti-Leonis,</span> <span class='ocrx_word' id='word_1_180' title='bbox 755 3174 827 3219; x_wconf 84' lang='lat' dir='ltr'>xxx</span> <span class='ocrx_word' id='word_1_181' title='bbox 851 3175 878 3220; x_wconf 89' lang='lat' dir='ltr'>s.</span> <span class='ocrx_word' id='word_1_182' title='bbox 896 3159 922 3221; x_wconf 94' lang='grc'>1.</span> <span class='ocrx_word' id='word_1_183' title='bbox 984 3201 999 3215; x_wconf 16' lang='grc'>1.</span> 
     </span>
    </p>

    <p class='ocr_par' dir='ltr' id='par_1_15' title="bbox 180 3267 391 3316">
     <span class='ocr_line' id='line_1_25' title="bbox 180 3267 391 3316; baseline 0.005 -2"><span class='ocrx_word' id='word_1_184' title='bbox 180 3267 277 3316; x_wconf 81' lang='lat' dir='ltr'>Colelus</span> <span class='ocrx_word' id='word_1_185' title='bbox 288 3268 391 3316; x_wconf 75' lang='lat' dir='ltr'>Fillons.</span> 
     </span>
    </p>

    <p class='ocr_par' dir='ltr' id='par_1_16' title="bbox 188 3351 1182 3424">
     <span class='ocr_line' id='line_1_26' title="bbox 188 3351 1182 3424; baseline -0.004 -2"><span class='ocrx_word' id='word_1_186' title='bbox 188 3356 380 3424; x_wconf 81' lang='lat' dir='ltr'>Conventus</span> <span class='ocrx_word' id='word_1_187' title='bbox 403 3356 505 3423; x_wconf 85' lang='lat' dir='ltr'>habet</span> <span class='ocrx_word' id='word_1_188' title='bbox 520 3361 590 3423; x_wconf 89' lang='lat' dir='ltr'>tres</span> <span class='ocrx_word' id='word_1_189' title='bbox 603 3351 753 3422; x_wconf 80' lang='lat' dir='ltr'>cameras</span> <span class='ocrx_word' id='word_1_190' title='bbox 769 3360 804 3422; x_wconf 93' lang='lat' dir='ltr'>et</span> <span class='ocrx_word' id='word_1_191' title='bbox 823 3376 924 3422; x_wconf 84' lang='lat' dir='ltr'>unam</span> <span class='ocrx_word' id='word_1_192' title='bbox 939 3356 1112 3421; x_wconf 87' lang='lat' dir='ltr'>minimam</span> <span class='ocrx_word' id='word_1_193' title='bbox 1129 3373 1182 3418; x_wconf 84' lang='lat' dir='ltr'>oa-</span> 
     </span>
    </p>
   </div>
   <div class='ocr_carea' id='block_1_13' title="bbox 149 3466 1178 3672">
    <p class='ocr_par' dir='ltr' id='par_1_17' title="bbox 149 3466 1178 3672">
     <span class='ocr_line' id='line_1_27' title="bbox 149 3466 1178 3557; baseline -0.003 -22"><span class='ocrx_word' id='word_1_194' title='bbox 149 3491 289 3549; x_wconf 85' lang='lat' dir='ltr'>meram,</span> <span class='ocrx_word' id='word_1_195' title='bbox 309 3471 350 3538; x_wconf 89' lang='lat' dir='ltr'>de</span> <span class='ocrx_word' id='word_1_196' title='bbox 371 3471 491 3557; x_wconf 87' lang='lat' dir='ltr'>quibus</span> <span class='ocrx_word' id='word_1_197' title='bbox 513 3471 676 3538; x_wconf 82' lang='lat' dir='ltr'>debentur</span> <span class='ocrx_word' id='word_1_198' title='bbox 699 3473 885 3539; x_wconf 83' lang='lat' dir='ltr'>locationes</span> <span class='ocrx_word' id='word_1_199' title='bbox 901 3472 935 3535; x_wconf 92' lang='lat' dir='ltr'>in</span> <span class='ocrx_word' id='word_1_200' title='bbox 960 3466 1020 3536; x_wconf 39' lang='lat' dir='ltr'>die*</span> <span class='ocrx_word' id='word_1_201' title='bbox 1036 3470 1178 3545; x_wconf 82' lang='lat' dir='ltr'>Pasohe,</span> 
     </span>
     <span class='ocr_line' id='line_1_28' title="bbox 149 3584 917 3672; baseline 0.003 -22"><span class='ocrx_word' id='word_1_202' title='bbox 149 3584 307 3653; x_wconf 84' lang='lat' dir='ltr'>videlieet</span> <span class='ocrx_word' id='word_1_203' title='bbox 321 3591 443 3672; x_wconf 82' lang='lat' dir='ltr'>quarta</span> <span class='ocrx_word' id='word_1_204' title='bbox 459 3605 549 3672; x_wconf 83' lang='lat' dir='ltr'>pars.</span> <span class='ocrx_word' id='word_1_205' title='bbox 916 3587 917 3591; x_wconf 71' lang='grc'>’</span> 
     </span>
    </p>
   </div>
   <div class='ocr_carea' id='block_1_14' title="bbox 144 3811 1181 4060">
    <p class='ocr_par' dir='ltr' id='par_1_18' title="bbox 144 3811 1181 4060">
     <span class='ocr_line' id='line_1_29' title="bbox 178 3811 1180 3874; baseline 0 -14"><span class='ocrx_word' id='word_1_206' title='bbox 178 3811 210 3874; x_wconf 82' lang='grc'>(1)</span> <span class='ocrx_word' id='word_1_207' title='bbox 225 3813 292 3860; x_wconf 80' lang='lat' dir='ltr'>Dans</span> <span class='ocrx_word' id='word_1_208' title='bbox 306 3813 330 3860; x_wconf 90' lang='lat' dir='ltr'>le</span> <span class='ocrx_word' id='word_1_209' title='bbox 342 3826 381 3860; x_wconf 88' lang='lat' dir='ltr'>ms</span> <span class='ocrx_word' id='word_1_210' title='bbox 395 3816 433 3873; x_wconf 76' lang='lat'>58,</span> <span class='ocrx_word' id='word_1_211' title='bbox 450 3813 604 3861; x_wconf 85' lang='lat' dir='ltr'>lesderniers</span> <span class='ocrx_word' id='word_1_212' title='bbox 614 3826 685 3860; x_wconf 89' lang='lat' dir='ltr'>noms</span> <span class='ocrx_word' id='word_1_213' title='bbox 695 3815 788 3861; x_wconf 76' lang='lat' dir='ltr'>selures</span> <span class='ocrx_word' id='word_1_214' title='bbox 800 3813 999 3873; x_wconf 75' lang='lat' dir='ltr'>sontrempleoos</span> <span class='ocrx_word' id='word_1_215' title='bbox 1013 3827 1071 3874; x_wconf 84' lang='lat' dir='ltr'>par:</span> <span class='ocrx_word' id='word_1_216' title='bbox 1088 3815 1180 3860; x_wconf 81' lang='lat' dir='ltr'>Emen-</span> 
     </span>
     <span class='ocr_line' id='line_1_30' title="bbox 144 3903 1181 3970; baseline 0.001 -22"><span class='ocrx_word' id='word_1_217' title='bbox 144 3903 226 3959; x_wconf 75' lang='lat' dir='ltr'>jerdis</span> <span class='ocrx_word' id='word_1_218' title='bbox 242 3904 266 3949; x_wconf 82' lang='lat' dir='ltr'>ts</span> <span class='ocrx_word' id='word_1_219' title='bbox 278 3903 386 3949; x_wconf 74' lang='lat' dir='ltr'>Pouoote</span> <span class='ocrx_word' id='word_1_220' title='bbox 398 3916 415 3948; x_wconf 81' lang='lat' dir='ltr'><strong><em>x</em></strong></span> <span class='ocrx_word' id='word_1_221' title='bbox 427 3905 453 3950; x_wconf 85' lang='lat' dir='ltr'>d.</span> <span class='ocrx_word' id='word_1_222' title='bbox 464 3917 520 3960; x_wconf 78' lang='lat' dir='ltr'>per.</span> <span class='ocrx_word' id='word_1_223' title='bbox 541 3916 618 3970; x_wconf 83' lang='lat' dir='ltr'>super</span> <span class='ocrx_word' id='word_1_224' title='bbox 633 3905 734 3951; x_wconf 80' lang='lat' dir='ltr'>vineam</span> <span class='ocrx_word' id='word_1_225' title='bbox 749 3906 799 3956; x_wconf 83' lang='lat' dir='ltr'>dou</span> <span class='ocrx_word' id='word_1_226' title='bbox 813 3904 912 3957; x_wconf 75' lang='lat' dir='ltr'>Letous,</span> <span class='ocrx_word' id='word_1_227' title='bbox 926 3927 956 3937; x_wconf 97' lang='lat'><em>-</em></span> <span class='ocrx_word' id='word_1_228' title='bbox 971 3903 1079 3957; x_wconf 73' lang='lat' dir='ltr'>Thomas</span> <span class='ocrx_word' id='word_1_229' title='bbox 1093 3903 1181 3954; x_wconf 82' lang='lat' dir='ltr'>Belooe</span> 
     </span>
     <span class='ocr_line' id='line_1_31' title="bbox 146 3993 265 4060; baseline 0 -23"><span class='ocrx_word' id='word_1_230' title='bbox 146 4003 163 4044; x_wconf 69' lang='lat' dir='ltr'><strong><em>x</em></strong></span> <span class='ocrx_word' id='word_1_231' title='bbox 173 3993 199 4038; x_wconf 83' lang='lat' dir='ltr'>d.</span> <span class='ocrx_word' id='word_1_232' title='bbox 206 4004 265 4060; x_wconf 77' lang='lat' dir='ltr'>per.</span> 
     </span>
    </p>
   </div>
   <div class='ocr_carea' id='block_1_15' title="bbox 0 0 1396 4786">
    <p class='ocr_par' dir='ltr' id='par_1_19' title="bbox 0 0 1396 4786">
     <span class='ocr_line' id='line_1_32' title="bbox 0 0 1396 4786; baseline 0 0"><span class='ocrx_word' id='word_1_233' title='bbox 0 0 1396 4786; x_wconf 95' lang='lat' dir='ltr'> </span> 
     </span>
    </p>
   </div>
  </div>
 </body>
</html>
