2790 4792
601 431 645 448 -
666 396 731 463 267
754 431 798 447 -·

175 542 248 656 tupn
264 542 393 630 signari
406 546 441 609 et
464 539 641 619 subscribi,
656 545 914 628 nostrorumque
931 523 1117 629 sigillorum
1141 559 1216 607 con·

176 665 348 728 suetorum
369 659 509 725 fecimus
529 659 732 745 appensione
749 659 959 725 communiri.

221 776 343 842 Datum
358 782 392 841 et
403 779 514 841 actum
528 775 563 839 in
579 773 726 861 capitulo
744 778 860 841 nostro
875 773 1212 856 Sancti-Petri-Vivi,

176 891 274 957 nobis
295 891 336 957 ob
356 891 420 958 hoc
439 890 562 956 ibidem
580 890 623 956 ad
646 909 763 956 sonum
779 909 952 977 campane,
974 894 1012 957 ut
1029 890 1132 956 moris
1149 895 1215 968 est,

176 1009 394 1095 congregatis
425 1012 460 1074 ct
493 1005 757 1093 capitulantibus
788 1006 1036 1093 capitulumque
1064 1009 1217 1072 nostrum

176 1122 371 1191 tenentibus
389 1128 424 1191 et
437 1123 651 1206 facientibus,
675 1142 762 1189 anno
780 1122 912 1189 Domini
932 1122 1111 1189 millesimo
1132 1143 1217 1208 qua-

177 1240 444 1327 dringentesimo
464 1239 738 1327 quinquagesimo
760 1240 889 1324 quinto,
912 1238 1079 1305 indicione
1094 1240 1213 1317 tercia,

176 1357 303 1422 mensis
323 1375 403 1423 vero
421 1356 620 1443 septembris
637 1355 690 1422 die
709 1360 842 1442 quarta,
867 1335 929 1441 que
951 1352 1017 1421 fuit
1035 1354 1089 1420 die
1106 1355 1124 1420 J
1128 1356 1211 1436 ovis,
1260 1432 1262 1434 ,

175 1477 252 1559 post
280 1472 402 1540 festum
433 1474 615 1540 Beatorum
646 1473 731 1558 Lupi
768 1476 803 1539 et
839 1471 967 1558 Egidii,
999 1471 1216 1557 pontificatus

177 1589 384 1656 sanctissimi
411 1590 446 1654 in
467 1587 603 1655 Christo
619 1589 727 1675 patris
745 1593 780 1655 et
800 1587 926 1655 domini
950 1588 1060 1678 nostri
1077 1587 1214 1660 Calixti

177 1704 293 1770 divina
311 1703 538 1790 providencia,
564 1725 660 1791 pape,
677 1705 787 1783 tercii,
807 1724 895 1770 anno
911 1705 1031 1791 primo,
1043 1693 1217 1791 presenti·

176 1820 238 1886 bus
253 1819 402 1906 providis
429 1821 512 1887 viris
527 1821 545 1886 J
549 1821 680 1887 ohanne
695 1821 726 1886 le
741 1819 886 1899 Gentilz,
902 1821 920 1886 J
924 1821 1056 1887 ohanne
1071 1821 1101 1886 le
1116 1821 1214 1908 Saga,

178 1935 282 2002 Petro
302 1936 431 2003 Martin
454 1940 489 2003 et
512 1936 695 2004 Guillermo
719 1936 875 2015 Mercier,
901 1937 1045 2004 testibus
1070 1936 1112 2004 ad
1138 1957 1216 2024 pre·

176 2053 281 2117 missa
300 2052 430 2117 vocatis
453 2052 645 2138 specialiter
665 2057 700 2120 et
718 2053 859 2141 rogatis.

206 2235 242 2281 En
255 2234 306 2280 lace
317 2233 352 2280 du
366 2232 436 2293 scing
447 2233 481 2280 du
493 2232 595 2291 notnire,
606 2245 640 2280 on
649 2230 679 2280 lit
692 2233 717 2280 la
734 2233 845 2281 mention
859 2239 974 2282 solvente
988 2255 993 2282 ;

219 2396 263 2463 Et
280 2415 353 2483 ego,
377 2396 395 2461 J
399 2395 549 2460 ohannes
566 2395 751 2481 DeshayeS,
769 2396 909 2462 clericus
926 2396 966 2462 de
982 2396 1135 2474 Senonis,
1152 2418 1216 2483 pu-

176 2512 284 2578 blicus
313 2511 518 2579 auctoritate
539 2512 724 2598 apostolica
743 2514 899 2599 curieqne
916 2511 1212 2599 archiepiscopalis

178 2627 383 2694 Sunonensis
405 2628 561 2694 notarius
585 2632 619 2695 et
637 2628 775 2695 tabellio
787 2629 922 2716 juratus
945 2649 983 2695 ac
1010 2628 1213 2694 venerabilis

177 2744 316 2830 capituli
337 2743 476 2810 ecclesie
497 2743 756 2830 metropolitane
776 2745 978 2812 senonensis
994 2745 1115 2823 scriba,
1134 2747 1213 2831 quia

173 2861 437 2946 prescriptorum
469 2881 642 2926 sacrorum
672 2863 850 2950 pignorum
880 2861 1081 2928 exhibitioni
1118 2860 1235 2927 desi-·

174 2977 342 3062 gnacioni,
366 2978 604 3055 nominationi,
628 2977 827 3064 decretoque
842 2981 877 3044 et
892 2977 1086 3044 eorumdem
1102 2977 1214 3045 tradi·

175 3093 281 3173 sioni,
301 3092 540 3159 certificacioni
555 3096 594 3158 et
608 3095 809 3182 reoepcioni,
830 3094 1017 3180 ceterisque
1037 3095 1212 3180 premissis

175 3204 329 3271 omnibus
344 3209 378 3272 et
393 3205 547 3292 singulis,
563 3204 639 3270 dum
652 3207 700 3271 sic
715 3209 754 3273 ut
770 3207 1034 3293 suprascriptum
1049 3212 1113 3284 est,
1130 3227 1213 3292 age-

174 3324 304 3399 rentur,
327 3320 521 3388 dicerentur
544 3326 578 3388 et
610 3320 731 3389 fierent
761 3343 935 3389 unacum
966 3323 1212 3409 prenominatis

173 3436 318 3503 testibus
331 3457 470 3523 presens
489 3436 645 3515 interlui,
660 3442 695 3505 et
719 3458 758 3504 ao
783 3439 831 3505 sic
845 3437 919 3504 fieri
941 3438 1010 3506 vidi
1031 3443 1064 3506 ot
1082 3439 1208 3516 audivi,

173 3555 260 3620 acin
277 3558 392 3621 notam
412 3557 550 3642 sumpsi.
565 3554 693 3621 Idcirco
708 3560 883 3642 presentes
898 3556 1031 3622 litteras
1048 3555 1118 3621 sive
1133 3574 1212 3640 pre·

174 3691 250 3736 sens
266 3672 529 3738 instrumentum
545 3690 647 3736 manu
660 3691 735 3738 mea
749 3671 924 3758 scriptum,
942 3671 997 3738 hic
1012 3670 1127 3736 eadem
1140 3662 1212 3736 'ma-

174 3808 218 3853 nu
232 3786 459 3864 subscribens,
480 3786 601 3853 exinde
620 3786 747 3855 confeci
764 3792 799 3855 et
817 3787 982 3875 publicam
1004 3787 1154 3854 litteram
1175 3789 1210 3851 in

173 3904 260 3970 hanc
283 3902 452 3990 publicam
473 3902 615 3969 formam
639 3902 766 3992 redegi,
790 3906 951 3993 signoque
970 3923 1043 3968 meo
1062 3902 1206 3990 publicu,

173 4042 236 4107 quo
257 4025 336 4088 utor
351 4020 535 4105 apostolica
553 4022 769 4101 auctoritate,
789 4022 889 4089 solito
903 4022 937 4088 et
949 4023 1121 4101 consueto,
1142 4040 1210 4087 una
