2790 4792
663 419 839 483 ..64-

233 558 377 623 abbatis.
411 557 535 622 Postea
563 554 705 620 domnus
739 553 921 620 Gaufridus
949 553 1052 618 abbas
1085 552 1277 637 predictum

233 678 385 738 sanctum
406 691 526 756 corpus
541 672 576 735 in
592 691 726 757 capsam
742 675 938 756 argenteam
964 671 1114 754 reposuit
1134 689 1277 735 conser-

232 786 388 854 vendam.

586 1039 631 1086 DE
654 1038 779 1086 INFULA
804 1037 911 1085 IPSIUS

278 1249 389 1315 Insula
410 1250 631 1316 sacerdotalis
652 1249 692 1314 de
711 1251 830 1327 serico,
853 1269 1012 1334 cumque
1033 1249 1184 1336 sepultus
1206 1249 1273 1316 fnit
1308 1233 1310 1236 ⁵

235 1371 372 1433 sanctus
389 1366 494 1443 Ebbo,
512 1365 645 1450 quando
660 1386 780 1450 corpus
798 1365 983 1431 relevatum
1008 1363 1074 1431 fuit
1090 1363 1161 1430 fere
1181 1366 1276 1432 inte-

233 1502 294 1568 gra
320 1483 458 1546 inventa
485 1482 551 1557 est,
580 1501 642 1565 que
671 1479 780 1546 adhuc
800 1479 957 1569 decenter
981 1483 1148 1558 servatur,
1177 1481 1275 1546 etin

234 1594 475 1662 festivitatibus
498 1595 603 1681 ipsius
624 1597 731 1664 sancti
754 1596 858 1661 missa
882 1594 925 1661 ad
949 1595 1058 1680 majus
1074 1594 1182 1661 altare
1197 1615 1274 1660 cum

234 1709 349 1776 eadem
368 1709 475 1775 infula
494 1711 694 1779 celebratur.

189 1945 225 2008 10
257 1961 301 2008 DE
321 1960 474 2007 CORPORE
493 1959 611 2010 SANGTI
625 1961 756 2020 LEONIS,
777 1961 980 2011 SENONENSIS
996 1961 1251 2010 ARGEIEPISGOPI

278 2175 422 2240 Sanctus
444 2175 512 2239 Leo
540 2172 712 2239 confessor
737 2175 881 2250 Domini,
909 2173 1112 2239 Senonensis
1134 2167 1279 2239 ecclesie

234 2288 412 2354 laudabilis
425 2289 580 2363 antistes,
595 2288 779 2354 virtutibus
795 2292 948 2366 ornatus,
966 2289 999 2352 X
1014 2287 1177 2353 kalendas
1193 2290 1278 2353 maii

233 2408 352 2470 sancto
371 2403 441 2468 *fine
461 2403 606 2487 quievit;
627 2403 721 2489 cujus
738 2422 858 2488 corpus
878 2402 1045 2487 sepultum
1072 2401 1137 2468 fuit
1158 2404 1195 2466 in
1217 2422 1278 2468 ec-

220 2520 336 2584 clesia
363 2539 465 2606 prope
491 2523 624 2603 portam
652 2518 813 2593 civitatis,
830 2538 929 2602 quam
958 2518 1077 2587 beatus
1098 2517 1278 2585 Ursicinus

233 2634 447 2701 dedicaverat
462 2635 498 2698 in
518 2635 645 2700 honore
662 2637 856 2699 sanctorum
871 2638 1060 2718 martyrum
1073 2633 1228 2715 Gervasii
1240 2639 1278 2701 et

235 2748 419 2826 Prothasii,
443 2769 506 2833 que
521 2749 731 2835 postmodum
753 2769 773 2814 a
794 2750 936 2835 paganis
952 2748 1126 2816 destructa
1141 2748 1219 2827 fuit,
1235 2770 1278 2815 ac

234 2866 310 2948 post
330 2862 393 2927 hoc
412 2869 582 2948 reparata,
598 2863 639 2929 ob
657 2865 779 2930 merita
792 2868 826 2930 et
845 2864 1008 2929 miracula
1024 2864 1133 2930 sancti
1150 2865 1278 2930 Leonis

234 2977 339 3063 ipsius
363 2979 497 3043 nomine
521 2980 724 3045 nominatur.
754 2980 878 3046 Postea
902 2999 983 3045 vero
1003 2977 1144 3073 domnus
1163 2979 1278 3046 Anse-

234 3095 337 3180 gisus,
371 3093 549 3159 laudabilis
579 3094 782 3160 Senonensis
813 3094 1095 3179 archiepiscopus,
1130 3093 1279 3180 predicti

187 3221 224 3283 20
235 3209 344 3276 sancti
359 3210 482 3275 Leonis
496 3186 617 3294 corpus
638 3208 816 3275 transtulit
834 3209 869 3273 in
894 3210 1136 3275 monasterium
1158 3209 1279 3276 Sancti

235 3323 329 3388 Petri
339 3324 428 3405 Vivi,
449 3344 488 3389 ac
502 3322 634 3389 demum
650 3322 792 3389 domnus
808 3321 991 3388 Gaufridus
1007 3322 1109 3422 abbas
1124 3323 1278 3408 pruden-

234 3439 385 3504 tissimus
408 3457 468 3524 pro
494 3439 644 3524 predicto
665 3443 782 3507 sancto
811 3437 891 3505 fecit
916 3459 1051 3524 capsam
1075 3443 1278 3524 argenteam

235 3551 405 3619 fabricari.

235 3801 277 3848 DE
301 3803 453 3851 CORPORE
476 3804 595 3853 SANGTI
613 3805 773 3865 URS101N1‚
791 3805 994 3855 SENONENSIS
1017 3807 1279 3858 Ancfflnrlscom

281 4020 404 4084 Beatus
438 4019 613 4086 Ursicinus
647 4023 723 4104 post
757 4021 890 4088 beatum
916 4019 1134 4088 Savinianum
1164 4039 1278 4087 nonus
