2790 4792
693 389 870 459 ..16—

265 530 512 616 responderunt
535 530 622 615 qnod
650 550 671 595 a
701 536 819 597 sancto
846 530 1012 615 propbeta
1037 531 1210 595 iheremia
1231 548 1308 594 ma·

262 646 356 732 jores
385 648 534 731 ipsorum
565 650 779 732 acceperunt.
815 646 894 732 Ipsa
923 644 1087 730 siquidem
1118 649 1217 710 nocte
1244 643 1307 711 ob-

269 747 415 827 scuritas
439 763 529 827 aeris
549 763 584 826 in
610 762 800 828 claritatem
830 763 890 827 Dei
910 780 1011 837 versa
1025 766 1090 837 est,
1117 768 1152 826 et
1175 762 1218 837 in,
1232 762 1307 845 ipsa

269 881 367 943 nocte
391 877 490 961 stella
524 878 634 963 Magis
659 896 759 963 super
784 880 930 942 montem
959 877 1116 962 apparuit
1142 895 1207 960 que
1234 873 1308 940 lor·

268 1012 357 1056 mam
376 992 522 1060 habebat
547 995 642 1078 pueri
665 992 895 1078 pulcherrimi,
915 992 950 1055 in
974 991 1070 1076 cnjus
1093 991 1203 1076 capite
1222 1009 1309 1055 crux

269 1106 465 1195 splendebat
479 1106 797 1191 demonstrabatqne
814 1112 852 1173 ut
866 1107 901 1170 in
915 1107 934 1170 J
938 1105 1056 1171 udeam
1075 1111 1257 1191 pergerent
1273 1109 1309 1170 et

268 1222 314 1286 ibi
330 1227 448 1288 natum
463 1223 524 1287 Dei
540 1221 647 1287 filium
664 1223 869 1288 invenirent.
891 1222 932 1286 In
955 1222 1029 1306 ipsa
1049 1240 1130 1288 vero
1150 1221 1217 1297 die,
1235 1225 1308 1286 tres

269 1336 357 1401 soles
378 1338 414 1400 in
440 1335 580 1403 Oriente
606 1341 846 1423 apparuerunt,
874 1336 931 1421 qui
957 1335 1119 1419 paulatim
1148 1335 1309 1418 inunum

161 1520 164 1522 ,
269 1470 389 1536 corpus
402 1450 513 1516 solare
533 1450 661 1518 redacti
685 1455 786 1529 sunt,
803 1469 864 1536 per
882 1448 965 1534 quod
988 1447 1199 1534 significatur
1219 1448 1309 1533 quod

224 1562 360 1631 lbterni
384 1569 419 1630 et
439 1566 539 1630 unius
566 1566 624 1630 Dei
641 1566 767 1631 noticia
786 1566 916 1632 cunctis
942 1563 1073 1654 populis
1098 1562 1309 1642 imminebat.

270 1679 491 1745 Octavianum
505 1681 742 1764 imperatorem
759 1679 903 1744 Romani
918 1682 1079 1764 tanquam
1092 1699 1188 1743 suum
1203 1678 1312 1780 Deum

271 1794 380 1858 colere
393 1793 585 1871 voluerunt,
603 1795 660 1859 sed
680 1780 751 1882 lpse
770 1793 917 1879 prudens
935 1815 970 1858 se
984 1795 1162 1860 mortalem
1179 1793 1314 1859 intelli-

272 1928 355 1994 gens
377 1908 645 1975 immortalitatis
673 1928 794 1974 nomen
818 1908 882 1974 sibi
898 1910 1006 1977 noluit
1029 1884 1205 1996 usurpare.
1226 1908 1312 1974 Cum

272 2044 353 2111 ergo
376 2027 411 2090 in
432 2025 485 2090 die
510 2026 710 2094 Natiuitatis
734 2028 867 2116 Domini
886 2047 986 2113 super
1010 2028 1075 2093 bac
1099 2047 1137 2092 re
1157 2025 1313 2092 Sibillam

271 2148 518 2235 prophetissam
536 2153 573 2216 in
597 2171 658 2217 sua
677 2170 812 2218 camera
833 2156 1062 2234 convocasset,
1084 2156 1120 2218 ot
1138 2150 1229 2216 dicta
1255 2149 1315 2215 Si-

272 2264 514 2346 billatoraoulis
531 2269 706 2334 insisteret
726 2267 780 2334 die
804 2268 928 2334 media·
938 2269 1082 2334 circulus
1103 2287 1315 2352 aureusap-

271 2383 386 2469 paruit
402 2384 493 2448 circa
511 2383 615 2448 solem
625 2387 660 2449 et
676 2383 711 2447 in
725 2382 834 2448 medio
846 2383 964 2449 circuli
976 2383 1073 2468 virgo
1084 2381 1317 2468 pulcherrima

272 2517 411 2583 puerum
436 2503 575 2584 gestans
593 2499 629 2563 in
648 2499 798 2584 gremio;
816 2502 898 2565 tuno
917 2497 1187 2583 cumplurimum
1209 2494 1318 2560 admi·

273 2616 444 2689 rarentnr‚
461 2610 641 2678 audierunt
657 2631 773 2678 vocem
793 2611 982 2680 dicentem:
1003 2613 1074 2678 Heo
1088 2616 1141 2677 est
1156 2630 1217 2676 ara
1233 2611 1314 2680 celi.

225 2727 379 2792 20Rome
393 2727 498 2792 eciam
519 2724 595 2792 fons
616 2746 701 2812 aque
725 2729 761 2792 in
782 2728 945 2813 liquorem
973 2726 1038 2792 olei
1057 2745 1174 2792 versus
1199 2729 1254 2790 est
1281 2728 1317 2790 et

275 2839 437 2927 profluxit
456 2843 618 2926 usquead
639 2842 866 2927 Tyberiadim.

320 2956 483 3035 Secundo,
503 2963 642 3025 ostensa
657 2965 710 3026 est
728 2979 796 3045 ,per
819 2963 1073 3044 creaturaeque
1091 2957 1217 3023 babent
1239 2975 1318 3022 esse

276 3077 311 3140 et
327 3073 452 3151 vivere,
468 3073 566 3139 sicuti
586 3073 701 3159 plante
718 3079 752 3140 et
768 3073 917 3139 arbores.
942 3076 983 3140 In
999 3073 1064 3139 bac
1081 3074 1170 3138 enim
1186 3073 1320 3139 nativi-

277 3192 348 3255 tate
366 3189 497 3253 Domini
508 3190 607 3255 rinee
626 3188 757 3275 Engadi
771 3209 834 3274 que
852 3189 1030 3274 proferunt
1049 3188 1234 3253 balsamum
1251 3187 1320 3253 flo-

278 3306 431 3380 ruerunt,
456 3300 603 3369 fructum
620 3304 834 3389 protulerunt
850 3310 885 3371 et
898 3305 1060 3389 liquorem
1077 3302 1255 3368 dederunt.

321 3418 452 3495 Teroio,
465 3437 526 3503 per
538 3424 712 3484 creaturas
732 3439 794 3503 que
806 3419 933 3486 habent
945 3440 1030 3498 esse,
1045 3421 1158 3487 virere
1177 3421 1212 3482 et
1236 3437 1321 3482 sen-

276 3535 355 3614 tire,
383 3536 421 3598 ut
441 3532 613 3597 animalia.
635 3533 723 3599 Nam
741 3532 801 3599 bos
822 3538 857 3600 et
880 3536 996 3600 asinus
1016 3533 1141 3619 loseph
1166 3533 1321 3598 miracu-

277 3650 348 3714 lose
370 3647 547 3714 Dominum
571 3652 834 3734 cognoscentes,⁴
848 3647 946 3715 flexis
977 3649 1128 3736 genibus,
1155 3645 1320 3716 adorave-

278 3768 372 3831 runt.
1190 3838 1193 3843 ,

230 3887 270 3952 30
324 3879 463 3959 Quarto,
479 3900 539 3966 per
552 3883 728 3946 creaturas
743 3899 805 3964 que
819 3880 946 3947 habent
967 3900 1056 3957 esse,
1083 3881 1211 3958 vivere,
1236 3901 1322 3946 sen-

278 3997 347 4065 tire
360 4001 395 4062 et
406 3996 607 4079 discernere,
623 3999 662 4062 nt
674 3994 838 4076 homines.
854 3996 941 4066 Nam
957 3996 1150 4084 pastoribus
1173 3999 1321 4086 angelus
