2790 4792
666 421 842 508 ..τέ-

280 564 425 664 hocine.
457 586 522 653 Hic
552 585 643 652 omni
667 582 880 670 philosophia
912 564 1066 681 eruditus
1090 573 1279 668 discipulus

237 702 302 769 fuit
318 698 352 769 et
366 700 624 768 commonachus
641 699 753 764 domni
768 698 875 784 Egilis
889 697 1146 783 archiepiscopi.
1165 697 1207 762 ln
1220 716 1280 763 eo·

236 816 311 881 dem
331 820 492 900 tempore,
511 814 652 880 domnus
670 815 867 900 Ansegisus,
888 813 1073 878 monachus
1089 795 1280 898 archiepis-

238 951 352 1017 copus,
379 929 472 997 dedit
489 931 568 996 huic
586 930 793 997 monasterio
813 928 974 1014 reliquias
993 931 1188 995 sanctorum
1203 948 1281 994 oon-

239 1042 403 1109 fessorum
429 1043 584 1130 Gregorii
607 1063 704 1131 pape,
726 1044 862 1129 Leonis,
890 1043 1050 1120 Ursicini,
1073 1043 1218 1130 Agricii3
1243 1049 1279 1110 et

236 1158 405 1224 Ambrosii
418 1163 453 1225 et
466 1162 657 1225 sanctorum
677 1162 866 1242 martyrum
881 1157 1067 1236 Sanctiani,
1092 1156 1278 1243 Augustini

160 1339 163 1344 .
235 1277 269 1339 et
282 1275 397 1351 Beate,
415 1274 568 1359 virginis,
589 1278 622 1339 et
639 1251 831 1338 sanctorum
846 1250 1066 1338 innocentum
1081 1276 1116 1338 ot
1130 1273 1277 1337 aliorum

236 1394 428 1455 sanctorum
444 1391 478 1454 et
499 1391 705 1453 sanctarum.
724 1384 815 1451 Obiit
836 1385 947 1452 dictus
961 1386 1096 1471 Aquila,
1112 1366 1148 1453 et
1162 1386 1278 1472 sepul·-

234 1506 290 1570 tus
311 1501 376 1568 fuit
389 1503 425 1566 in
440 1503 588 1568 oratorio
600 1501 714 1569 Sancti
731 1501 905 1587 Stephani.

130 1605 136 1622 ⁶
191 1632 227 1695 10
280 1617 430 1685 Franco.
451 1618 514 1681 Hic
528 1613 594 1683 fuit
613 1615 716 1682 abbas
740 1614 946 1701 temporibus
963 1616 1121 1702 Ansegisi
1138 1622 1172 1683 et
1186 1617 1278 1682 Wa-

234 1730 325 1809 terii,
340 1730 681 1817 archiepiscoporum.

278 1846 406 1913 Arouo.
425 1847 490 1912 Hic
506 1845 571 1914 fuit
589 1847 693 1945 abbas
715 1854 865 1932 tempore
880 1845 1023 1933 predicti
1043 1846 1193 1913 Waterii
1216 1866 1277 1912 ar-

235 1961 448 2047 chiepiscopi.
902 2029 909 2041 ,

278 2075 419 2142 Samson.
442 2076 505 2141 Hic
524 2077 615 2142 rexit
640 2064 883 2145 monasterium
908 2076 1116 2162 temporibus
1130 2076 1276 2163 predicti

234 2189 382 2256 Waterii
407 2194 442 2256 et
466 2192 607 2257 alterius
630 2191 791 2269 Waterii‘,
816 2190 952 2257 Aldaldi
973 2196 1009 2258 et
1026 2191 1199 2257 Willermi
1223 2211 1276 2257 ar·

234 2304 532 2390 chiepiscoporum.
554 2307 716 2401 Tempore
728 2306 798 2384 illo,
812 2310 950 2392 propter
961 2325 1111 2392 paganos
1127 2306 1184 2390 qui
1199 2316 1276 2372 mo-

234 2421 419 2485 nasterium
436 2420 551 2486 Sancti
572 2420 667 2486 Petri
686 2421 765 2486 Vivi
777 2416 1155 2499 destruxeruutdictus
1168 2421 1275 2488 abbas

233 2533 362 2599 Sansou
392 2540 426 2601 et
446 2539 640 2617 conventus,
669 2534 760 2600 infra
782 2555 896 2601 muros
919 2537 1081 2614 civitatis,
1108 2537 1144 2601 iu
1165 2537 1278 2602 eccle·

234 2650 317 2743 siam
348 2671 411 2736 quo
439 2650 528 2717 dioto
551 2651 757 2717 monasterio
779 2651 928 2735 pertinet
957 2649 1130 2738 fugerunt,
1159 2671 1274 2718 secum

183 2771 348 2852 qqomnes
362 2769 497 2830 sanctas
520 2764 680 2850 reliquias
700 2762 902 2830 deferentes.
929 2764 1164 2832 Pace‘reddita
1178 2757 1276 2831 Wil-

233 2878 357 2942 lermus
373 2879 643 2965 archiepiscopus
656 2880 816 2963 reliquias
830 2879 938 2946 voluit
957 2882 1115 2957 retinere,
1134 2880 1192 2946 sed
1206 2883 1274 2945 mi-

233 2991 322 3057 nime
335 2969 445 3088 potuit
460 2995 544 3061 utin
558 2995 665 3060 sancti
679 2994 853 3059 Saviniani
868 2988 1051 3060 Miraculis'
1061 2987 1270 3062 continetur.

233 3108 324 3176 Obiit
345 3110 479 3205 Sanson⁴
499 3117 533 3178 et
558 3113 591 3175 in
615 3111 730 3205 Sancti
750 3111 846 3176 Petri
863 3110 1003 3177 basilica
1027 3111 1200 3197 sepelitur.

275 3223 429 3291 Saucius
450 3224 533 3290 Ono.
550 3226 613 3289 Hic
628 3223 693 3290 fuit
709 3222 812 3289 abbas
830 3224 931 3311 hujus
945 3225 1158 3303 monasterii,
1176 3225 1235 3290 sed
1252 3248 1274 3292 a

231 3338 428 3424 quibusdam
442 3339 557 3426 probis
575 3341 658 3405 viris
672 3340 855 3425 requisitus
863 3345 904 3407 ·et
921 3340 1122 3426 postuletne,
1141 3342 1274 3427 primus

230 3455 333 3520 abbas
355 3456 585 3551 cluniacensis
606 3454 744 3524 effectus
763 3461 826 3523 est.
855 3456 948 3523 Obiit
970 3457 1056 3543 apud
1080 3457 1272 3543 predictum
1315 3504 1317 3507 -

230 3571 471 3637 monasterium
491 3570 722 3637 Cluuiacense.
739 3570 790 3635 Ad
805 3571 900 3656 cujus
918 3571 1106 3657 sepulcrum
1119 3573 1193 3659 egri
1214 3595 1273 3640 sa-

230 3690 363 3752 nantur.
389 3685 441 3753 Ad
457 3687 653 3773 petitionem
670 3687 776 3773 ipsius
790 3681 825 3753 et
839 3685 880 3751 de
901 3669 1067 3753 consensu
1082 3679 1272 3756 conventus

228 3800 342 3893 Sancti
364 3802 457 3868 Petri
479 3803 568 3878 Viri,
581 3800 722 3866 domnus
737 3802 936 3866 Willermus
949 3803 1272 3888 archiepiscopus'in

180 3926 218 3991 30
228 3913 317 3981 dicto
332 3919 537 3984 monasterio
553 3917 667 3984 Sancti
685 3918 780 3983 Petri
795 3917 950 3984 abbatem
964 3919 1271 3986 instituitnomine

87 4086 92 4095 ,
227 4029 447 4114 Arigaudum.

1035 4221 1038 4224 ξ
1065 4148 1130 4192 ress
