2790 4792
655 381 835 446 „42-

228 528 292 592 cim
316 526 395 591 anni
421 530 597 610 postquam
622 520 711 586 lilius
738 521 916 606 Theophili
940 520 1119 587 defunctus
1143 523 1268 590 iuerat.

225 638 294 707 Sul»
313 640 495 724 hacigitur
512 636 704 722 sponsione,
726 635 932 720 Theophilus
947 639 1102 720 permisit
1125 637 1273 702 Paulum

228 756 270 821 ad
299 752 438 819 Petrum
462 750 607 837 ingredi.
632 752 792 836 Dixitque
814 752 942 815 Paulus
963 753 1081 828 Petro,
1103 753 1273 837 quomodo

227 868 518 936 resuscitationes
530 865 591 931 lilii
603 868 765 952 principis
778 866 1026 952 spopondisset.
1042 867 1105 932 Cui
1119 868 1246 933 Petrus
1261 890 1270 931 ε

227 982 395 1051 Grandem
411 1000 481 1049 rem
502 983 700 1069 promisisti.
722 982 798 1063 Sed,
820 1003 897 1046 cum
920 983 1045 1048 Petrus
1064 982 1206 1049 eductus
1228 983 1273 1048 de

224 1117 360 1166 carcere
388 1117 451 1183 pro
479 1117 520 1164 eo
553 1104 698 1179 orasset,
736 1099 898 1163 continuo
927 1099 1132 1162 resurrexit.
1174 1099 1272 1164 Tunc

228 1214 384 1305 princeps
404 1220 439 1281 et
453 1213 511 1279 alii
531 1212 747 1299 quamplures
761 1213 904 1278 Domino
917 1212 1024 1277 Jhesu
1037 1212 1270 1293 crediderunt,

224 1336 260 1398 et
283 1328 465 1417 gloriosam
483 1326 660 1394 ecclesiam
679 1325 944 1394 fabricaverunt.
972 1328 1014 1392 In
1035 1329 1132 1415 cujus
1157 1329 1273 1396 medio

226 1445 392 1512 excelsam
428 1441 626 1511 cathedram
661 1442 879 1520 collocantes,
925 1444 1065 1510 Petrum
1110 1444 1274 1511 decenter

182 1554 481 1638 ltexaltaverunt;
498 1558 533 1623 in
559 1578 626 1643 qua
648 1563 776 1644 septem
800 1557 901 1622 annis
926 1557 1027 1636 sedit,
1047 1557 1105 1624 sed
1119 1543 1293 1645 postmo?

228 1674 306 1743 dum
335 1674 476 1742 Romam
511 1674 651 1741 ueniens
684 1675 720 1738 in
749 1672 915 1739 cathedra
944 1674 1134 1759 quindecim
1158 1676 1273 1741 anuis.

227 1794 311 1862 Post
329 1792 454 1862 multos
470 1791 615 1872 labores,
633 1791 777 1879 apostoli
794 1790 917 1858 Petrus
943 1797 979 1859 et
1001 1793 1129 1859 Paulus
1147 1793 1273 1879 Syrno-

228 1928 304 1978 nem
327 1927 461 1997 magum
486 1908 698 1976 orationibus
719 1926 833 1973 coram
857 1908 993 1974 Nerone
1012 1907 1269 1976 destruxerunt.

227 2022 353 2100 Quibus
371 2024 463 2092 Nero
475 2024 582 2093 dixit:
607 2024 768 2110 Suspecta
787 2023 900 2089 animo
923 2043 977 2088 me
999 2021 1150 2098 iecistis3
1167 2043 1272 2110 prop·

227 2141 322 2208 terea
334 2138 422 2207 melo
438 2158 498 2208 vos
517 2139 670 2226 exemplo
682 2137 833 2225 perdam.
853 2138 1018 2224 Deditque
1031 2158 1089 2204 eos
1104 2142 1139 2203 in
1158 2141 1272 2204 mani-

228 2250 289 2320 bus
309 2254 456 2334 Paulini,
483 2260 518 2321 et
539 2242 702 2321 Paulinus
716 2252 860 2321 tradidit
881 2273 938 2318 eos
961 2254 996 2317 in
1019 2252 1173 2319 custodia
1192 2255 1272 2319 Ma-

228 2367 362 2437 mertini
381 2368 442 2436 sub
459 2389 540 2436 cura
552 2369 697 2437 militum
718 2368 873 2434 Processi
889 2372 924 2435 et
944 2368 1166 2444 Martiniani;
1186 2389 1271 2454 qnos

229 2484 351 2553 Petrus
376 2485 418 2554 nd
440 2482 537 2552 fldem
561 2486 740 2553 convertit.
768 2483 859 2550 Unde
877 2503 1045 2550 carcerem
1063 2468 1272 2570 aperuerunt

230 2603 265 2670 et
288 2620 344 2668 eos
368 2600 492 2669 liberos
513 2599 724 2669 dimiserunt.
752 2600 930 2688 Regebant
950 2621 1031 2687 ergo
1052 2600 1176 2668 fratres
1203 2602 1273 2666 Pe-

181 2704 319 2785 2⁰trum
337 2718 375 2784 ut
391 2714 468 2781 inde
483 2715 666 2793 recederet,
679 2721 713 2783 et
726 2736 800 2781 cum
813 2714 984 2781 discedere
1000 2716 1117 2793 nollet,
1130 2715 1271 2783 tandem

251 2830 379 2898 evictus
393 2828 545 2916 precibus
562 2829 738 2897 abscessit.
762 2831 893 2897 Etcum
914 2833 1064 2899 venisset
1080 2831 1122 2897 ad
1135 2836 1270 2918 portam

230 2942 286 3011 ubl
307 2942 564 3012 diciturSancta
581 2943 691 3010 Maria
714 2943 756 3010 ad
773 2946 900 3011 Passus
918 2945 1003 3013 vidit
1016 2947 1079 3012 sibi
1094 2946 1270 3013 Christum

230 3075 404 3126 occurrere
414 3062 449 3126 et
466 3057 538 3125 ait:
558 3058 698 3124 Domine
716 3079 780 3144 quo
791 3058 913 3126 vadis?
931 3060 991 3126 Cui
1005 3060 1182 3127 Christus:
1204 3063 1272 3128 Ve

230 3172 286 3241 nlo
308 3172 447 3240 ltomarn
462 3172 584 3240 iterum
598 3171 761 3260 crucifigi.
779 3173 851 3248 Quo
867 3172 984 3239 audito
1000 3174 1122 3240 Petrus
1140 3176 1246 3245 rediit
1260 3203 1268 3258 ;

230 3306 369 3376 cumque
392 3286 455 3356 hec
481 3286 643 3356 tratribus
665 3288 853 3366 retulisset,
878 3307 900 3353 a
926 3289 1091 3355 ministris
1120 3291 1272 3358 Neronis

229 3404 361 3494 oapltur
386 3406 422 3472 et
446 3400 596 3491 prefecto
620 3404 747 3490 Agripe
776 3407 1004 3490 presentatur.
1028 3387 1121 3471 Tunc
1145 3406 1272 3474 Petrus

229 3524 388 3607 taliquam
412 3518 603 3607 alienigene
623 3519 740 3606 jussus
768 3523 821 3586 est
843 3517 1007 3605 crucifigi.
1031 3520 1166 3598 Petrus,
1189 3522 1272 3587 dum

229 3634 434 3704 vonissetud
449 3653 593 3714 crucem,
616 3636 665 3703 ait
681 3656 689 3701 :
715 3635 801 3710 Quin
815 3653 881 3699 nnn
897 3654 970 3698 sum
989 3634 1112 3721 dignus
1126 3637 1176 3701 ita
1193 3659 1273 3703 esse

230 3746 264 3813 in
285 3768 384 3817 cruce
412 3754 451 3818 nt
479 3750 638 3816 Dnrnlnm
665 3769 770 3828 meus,
799 3769 932 3815 crucem
955 3769 1063 3815 meam
1089 3753 1215 3837 girato,
1236 3762 1274 3822 et

181 3860 337 3953 ttoaplto
354 3864 509 3933 ‹lenmrso
522 3864 710 3953 crucifigite
724 3885 799 3943 me;
823 3864 911 3951 quod
928 3866 978 3930 sic
992 3865 1156 3933 fecerunt.
1175 3871 1275 3936 Tunc

229 3978 369 4068 populus
388 3978 502 4049 llrrom
517 3980 665 4069 repletus
680 3978 813 4047 uoletud
835 3979 1008 4047 Neronem
1030 3988 1066 4049 et
1081 3981 1275 4067 prefectum

67 4210 152 4516 l
