2790 4792
673 653 711 699 xl

512 810 515 815 ’
577 829 805 898 oounnou
868 860 871 865 ·

267 993 304 1032 nn
323 989 468 1037 naciones
487 989 526 1030 nu
546 989 621 1030 cunr
638 989 673 1028 nr
692 989 731 1030 nu
751 987 846 1028 cenes
865 988 903 1027 nn
922 987 1012 1029 sumn
1031 989 1118 1041 nour,

207 1079 405 1136 nacunvnoun
424 1088 461 1127 nn
480 1087 564 1141 snus,
577 1087 617 1128 nu
633 1073 761 1128 pareunt
780 1087 817 1126 nn
835 1086 1173 1128 sarua-nour-nn-uaun

207 1225 335 1297 Hugues
351 1223 387 1280 de
399 1223 512 1298 Touey,
530 1223 721 1297 archeveque
734 1222 771 1279 de
786 1223 875 1293 Sens,
888 1222 943 1280 fait
954 1224 1061 1281 saveir
1073 1224 1201 1299 qu'aprts

172 1323 350 1381 l’ostension
380 1321 547 1379 solennelle
575 1321 629 1379 des
664 1321 800 1395 reliques
832 1322 868 1378 de
899 1322 981 1378 saint
1016 1324 1103 1397 Loup
1137 1323 1202 1379 dans

172 1422 307 1496 l'abbaye
324 1421 362 1479 de
382 1419 661 1488 Sainte-Colombe,
679 1419 700 1475 il
717 1435 734 1476 a
750 1421 861 1477 obtenu
873 1420 910 1476 de
925 1419 1028 1478 l'abbe
1043 1427 1074 1477 et
1090 1420 1143 1478 des
1160 1437 1202 1477 re-

172 1518 289 1591 ligieux
307 1518 361 1575 des
375 1517 510 1592 reliques
527 1516 567 1574 du
586 1517 665 1587 chel,
692 1516 734 1573 du
754 1534 845 1592 corps
862 1522 892 1573 et
908 1517 945 1574 de
960 1517 991 1574 la
1008 1516 1155 1574 chasuble
1170 1516 1202 1572 du

173 1618 253 1675 saint
267 1619 458 1685 confesseur,
476 1622 507 1674 et
523 1615 596 1691 qu‘il
610 1615 655 1673 les
674 1631 693 1672 a
711 1615 846 1674 donnees
861 1632 901 1673 au
914 1616 1041 1692 prieure
1060 1616 1099 1673 de
1113 1613 1203 1672 Naud.

635 1748 756 1824 <nean

204 1897 327 1960 (original
338 1910 381 1944 sur
397 1896 541 1957 parchemin
554 1908 614 1945 avec
630 1899 706 1944 restes
719 1895 751 1944 de
765 1908 838 1945 sceau
855 1898 972 1945 conserva
989 1898 1055 1947 dans
1069 1899 1106 1948 les
1122 1897 1202 1948 Archi-

172 2001 215 2036 ves
228 1989 258 2036 de
272 1988 376 2035 l'Yonne
392 1999 449 2034 sous
460 1986 484 2035 la
494 1991 546 2034 eote
562 1987 592 2034 Η.
608 1983 673 2048 172.)

217 2132 278 2210 Η.,
297 2131 357 2196 Dei
377 2131 493 2217 gracia
519 2129 791 2216 archiepiscopus
816 2129 954 2209 Senon,
982 2130 1143 2198 omnibus
1168 2129 1204 2197 ad

173 2267 255 2334 qnos
269 2251 443 2334 presentes
458 2246 572 2314 littere
588 2247 817 2334 pervenerint,
842 2247 878 2312 in
893 2246 1037 2314 Domino
1053 2249 1201 2316 salntem.

173 2365 339 2435 Noverint
364 2364 569 2430 universitas
588 2361 704 2430 vestra
728 2363 922 2449 quodcum,
946 2362 988 2430 ad
1009 2366 1203 2451 peticionem

173 2486 207 2548 et
223 2481 426 2549 instanciam
446 2480 578 2548 abbatis
592 2483 627 2546 et
641 2480 879 2547 monachorum
895 2481 1202 2559 Sancte-Golombe,

172 2597 332 2683 reliquias
346 2596 437 2662 beati
451 2596 549 2683 Lupi,
568 2596 809 2683 archiepiscopi
821 2596 944 2676 Senon,
960 2598 1086 2685 populo
1102 2599 1157 2686 qui
1167 2594 1204 2662 ad

173 2713 237 2779 hoc
250 2712 430 2780 videndum
446 2711 566 2779 devote
588 2716 741 2791 venerat,
764 2712 1041 2796 ostendissemus,
1074 2713 1206 2781 humili·

173 2832 227 2895 ter
254 2829 295 2893 ab
320 2828 434 2894 eodem
457 2828 578 2896 abbate
600 2828 844 2916 postulavimus
872 2834 1039 2915 quatenns
1065 2830 1205 2917 aliquam

173 2947 365 3033 porcionem
399 2945 439 3011 de
468 2946 607 3032 reliquis
640 2946 845 3011 sanctissimi
880 2945 1087 3013 confessoris
1119 2946 1206 3013 nobis

174 3061 385 3129 concederet.
416 3060 509 3136 Quod
535 3060 632 3126 nobis
664 3061 808 3148 benigne
839 3061 1038 3142 concedens,
1075 3062 1206 3131 donavit

175 3177 352 3264 quamdam
364 3182 494 3264 partem
508 3176 548 3242 de
558 3178 668 3263 capite
680 3182 714 3245 et
727 3176 767 3243 de
779 3179 931 3265 reliquiis
944 3182 1096 3268 corporis
1111 3181 1206 3268 ipsius

175 3294 361 3361 involutam
393 3297 427 3359 in
459 3292 602 3379 quadam
635 3295 853 3380 parciuneula
879 3296 1014 3382 capsule
1044 3318 1117 3363 sue.
1144 3297 1205 3362 Nos

173 3430 254 3478 vero
269 3412 351 3478 moti
366 3410 546 3497 plurimum
574 3429 635 3495 pro
662 3408 925 3477 evidentissimis
943 3412 1119 3479 miraculis
1138 3430 1203 3498 que,

177 3547 237 3612 per
251 3527 373 3593 merita
397 3524 478 3592 dieti
494 3523 709 3603 confessoris,
732 3524 940 3611 frequentius
950 3526 1081 3597 fiebant
1106 3530 1139 3594 in
1159 3545 1205 3591 ec-

176 3642 279 3709 clesia
303 3641 451 3728 ejusdem
479 3640 683 3706 confessoris
710 3642 795 3727 Lupi
817 3641 857 3707 de
876 3644 928 3710 No
946 3648 980 3711 et
1005 3644 1077 3711 fere
1101 3660 1203 3711 omnes

178 3759 258 3824 illuc
272 3757 500 3836 confluebant,
512 3757 584 3844 jam
600 3757 708 3824 dictas
725 3757 885 3843 reliquias
899 3779 974 3824 cum
993 3760 1101 3828 multa
1115 3760 1203 3826 devo·

179 3877 274 3942 eione
288 3875 487 3943 donavimus
502 3880 537 3942 et
553 3876 588 3940 in
604 3874 747 3960 quadam
761 3895 863 3962 capsa
878 3875 1105 3964 deposuimus.
