2790 4792
558 427 735 497 ..35-

114 569 241 654 jestas,
263 572 298 633 et
311 586 375 632 vcor
392 567 574 634 contritum
599 571 633 633 et
646 567 773 632 humile
789 585 890 652 super
902 566 1065 652 petitione
1082 584 1164 630 oon-

122 684 227 770 digna
256 682 407 747 divinum
436 682 598 747 auxilium
627 683 832 768 recognovit.
865 681 1056 766 Properans
1083 685 1164 747 tunc

122 799 213 863 celer
227 797 271 863 ad
292 797 450 863 horreum
466 797 553 883 quod
568 800 792 864 evacuaverat
808 795 977 882 erogando
996 795 1164 862 frumento

124 913 260 1000 plenum
275 913 401 998 reperit
421 916 456 979 et
469 913 645 999 repletum.

171 1031 212 1094 In
238 1029 348 1114 prima
371 1028 600 1095 translatione
627 1032 822 1097 sanctorum
847 1032 1037 1115 martyrum
1068 1027 1166 1097 Savi-

126 1146 224 1211 niani
239 1149 274 1212 et
295 1145 493 1211 Potenciani
510 1146 742 1230 sociorumque
756 1164 872 1211 eorum
887 1142 978 1211 facta
995 1163 1056 1230 per
1071 1141 1166 1210 dom-

126 1279 209 1326 num
223 1258 452 1338 Wenilonem,
467 1246 692 1325 senonensem
703 1258 1003 1345 archiepiscopum,
1017 1262 1167 1344 tempore

127 1375 242 1440 domni
263 1373 437 1441 Anastasii
458 1373 602 1458 abbatis,
626 1373 703 1440 dum
732 1393 831 1440 sacra
859 1393 1000 1462 corpora
1019 1359 1167 1461 ipsorum

129 1509 219 1556 anno
231 1489 273 1555 ab
287 1489 522 1557 incarnatione
536 1489 665 1556 Christi
676 1490 956 1576 octingentesimo
978 1488 1168 1577 quadrage-

132 1607 217 1672 simo
232 1605 375 1700 septimo
391 1625 412 1670 a
431 1606 651 1691 sarcophagis
666 1604 872 1683 levarentur,
890 1603 954 1670 due
968 1624 1167 1690 percussure
1182 1593 1217 1658 10

129 1722 164 1787 in
178 1721 287 1808 capite
301 1720 391 1789 beati
408 1721 581 1789 Saviniani
601 1720 710 1787 adhuc
730 1722 913 1809 sanguinee
934 1725 969 1788 et
992 1722 1089 1808 quasi
1112 1741 1169 1788 re-

129 1840 245 1902 centes
266 1841 496 1924 apparuerunt
516 1843 551 1904 et
572 1838 621 1905 sic
650 1837 721 1923 ipse
745 1841 780 1904 et
808 1837 890 1902 socii
918 1837 970 1902 sui
992 1836 1035 1903 ad
1053 1837 1168 1905 Sancti

128 1952 226 2018 Petri
250 1952 359 2040 majus
383 1954 493 2021 altare
520 1953 695 2019 humiliter
719 1956 799 2019 sunt
826 1953 999 2030 translati,
1030 1955 1065 2018 et
1087 1956 1169 2018 tunc

127 2087 227 2133 omne
251 2067 494 2135 monasterium
520 2068 571 2133 ita
597 2068 680 2132 odor
710 2068 932 2134 suavissimus
960 2067 1021 2132 illa
1063 2065 1117 2133 die
1135 2071 1171 2133 et

128 2182 229 2248 infra.
239 2182 427 2268 quindecim
450 2164 580 2249 dierum
594 2183 708 2269 spacia
731 2182 772 2248 ad
794 2184 928 2270 plenum
945 2181 1107 2269 perfudit,
1130 2202 1170 2248 ac

129 2296 326 2365 sifuissent
355 2299 392 2363 in
427 2317 466 2364 eo
493 2298 603 2364 omnis
622 2299 758 2384 generis
780 2302 936 2365 aromata
958 2303 993 2364 et
1019 2296 1170 2364 balsama

126 2412 298 2479 universa.
315 2412 545 2498 Perfectisque
562 2412 764 2499 apontifice,
781 2414 871 2480 clero
885 2417 920 2481 et
934 2413 1108 2479 monachis
1122 2414 1171 2480 vi-

127 2524 288 2614 giliarum
302 2528 409 2594 sacris
425 2528 632 2615 sollempniis
648 2529 683 2594 in
694 2527 812 2596 eadem
822 2531 922 2596 nocte
933 2527 1170 2596 translationis

128 2644 221 2710 circa
231 2644 473 2712 monasterium
490 2648 525 2711 et
537 2642 649 2731 majus
667 2645 777 2712 altare
796 2664 896 2710 voces
910 2643 1061 2730 angelice
1088 2663 1108 2710 a
1128 2642 1169 2708 fi-

128 2756 171 2824 de
183 2758 295 2845 dignis
315 2759 567 2845 quampluribus
585 2763 667 2826 sunt
679 2757 806 2838 audite,
823 2763 858 2826 et
871 2758 918 2824 ibi
933 2757 1048 2826 eadem
1066 2755 1220 2837 ebdo·2⁰

128 2859 231 2940 mada
250 2872 387 2956 infirmi,
404 2872 541 2962 debiles,
561 2876 642 2954 ceci,
670 2873 781 2941 claudi
806 2878 839 2941 et
860 2873 981 2941 furiosi
1001 2874 1042 2964 ob
1071 2895 1171 2941 sano-

21 3032 24 3035 *
128 2989 372 3056 torummerita
383 2990 564 3057 sanitatem
573 2989 763 3057 Salvatoris
771 2990 1167 3077 clementiareceperunt.

127 3105 278 3170 Duorum
309 3124 390 3173 vero
424 3104 636 3174 sacerdotum
680 3106 921 3173 monachorum
956 3125 1098 3191 corpora
1136 3111 1171 3172 et

81 3223 240 3303 [vestes
263 3220 319 3306 qui
337 3240 453 3286 sacras
472 3221 633 3309 reliquias
649 3218 690 3286 de
713 3220 822 3286 loculo
837 3221 952 3289 levare
974 3227 1170 3288 meruerunt
1260 3216 1262 3221 ’
1337 3310 1348 3327 .

127 3334 283 3420 plurimis
305 3332 421 3400 diebus
435 3336 485 3402 ita
508 3333 705 3422 flagrabant
726 3339 764 3402 ut
782 3335 910 3422 perfusi
929 3336 1031 3402 odore
1052 3341 1170 3404 necta-

127 3470 187 3515 reo
202 3453 416 3536 putarentur.
428 3451 519 3543 Ante
531 3470 610 3522 vero
628 3451 854 3538 predictorum
870 3458 1063 3520 sanctorum
1080 3458 1172 3520 tran-

130 3566 309 3633 slationem
332 3568 367 3632 in
387 3569 654 3654 totaprovincia
683 3567 833 3636 defectus
858 3569 969 3655 pluvie
985 3572 1020 3634 et
1035 3568 1170 3634 siccitas

128 3688 361 3771 magna‘erat,
382 3673 440 3749 sed
460 3684 514 3750 die
535 3686 772 3753 translationis
787 3684 960 3753 descendit
980 3683 1173 3770 pluviarum·
1280 3666 1281 3670 ¹

129 3797 364 3866 habundantia
378 3800 525 3884 copiosa.
1100 3860 1105 3868 ,
1163 3864 1165 3869 .

175 3915 326 3980 Domnus
350 3912 454 3979 abbas
474 3913 609 3980 vSanson
629 3919 747 4000 postea
771 3912 812 3981 ob
839 3914 995 3981 timorem
1022 3911 1220 4000 pagano-30

132 4048 209 4095 rum
234 4032 436 4096 sanctorum:
457 4047 598 4116 corpora
629 4028 853 4099 secretissime
880 4029 1083 4110 tumulavit;
1112 4029 1172 4107 sed
