2790 4792
569 414 746 477 *27-

133 556 272 632 moriar,
297 553 469 639 apostolos
488 554 625 619 insimul
642 555 787 634 videam,
804 561 839 623 et
857 561 892 622 ut
914 557 1026 621 anima
1046 557 1179 625 moade

135 691 274 757 corpore
290 671 409 736 exiens
435 670 562 735 nullum
579 671 692 737 videat
715 671 900 758 malignum
931 672 1098 757 spiritum.
1118 674 1179 739 Cui

137 787 301 872 angelus:
326 785 395 850 Cur
417 804 538 850 nomen
561 805 670 850 meum
697 787 782 851 sclre
805 786 1004 852 desideras?
1021 787 1180 853 Admira-

137 900 202 964 bile
218 903 273 965 est
297 904 331 966 θῖ
348 919 506 985 magnum
522 921 530 977 ;
550 920 625 965 ecce
642 904 755 966 autem
774 901 816 965 ad
832 905 867 967 te
884 901 1180 990 congregabuntur

139 1013 305 1098 apostoli;
340 1014 505 1100 malignos
540 1018 652 1079 autem
681 1015 820 1101 spiritus
853 1035 913 1079 cur
941 1016 1075 1092 metuis,
1104 1037 1178 1081 cum

140 1133 239 1214 caput
253 1128 389 1213 dyaboli
405 1131 540 1195 omnino
564 1131 765 1197 contriveris
781 1130 794 1194 t
811 1131 886 1195 Hiis
907 1129 1018 1211 dictis,
1039 1131 1178 1216 angelus

134 1243 299 1309 discessit
324 1247 358 1309 et
382 1243 516 1328 palman
535 1245 839 1330 splendidissimam
865 1245 1013 1330 reliquit.
1040 1246 1179 1311 Factum

142 1363 194 1424 est
221 1361 271 1436 ut,
290 1356 366 1422 dum
391 1358 625 1424 lohannesin
652 1360 784 1446 Epheso
808 1360 1009 1444 predicaret,
1032 1360 1141 1426 subito
1161 1380 1182 1424 a

144 1474 228 1538 nube
256 1472 452 1558 deportatus
480 1474 614 1539 domum
639 1475 784 1560 virginis
817 1475 984 1552 introivit,
1013 1476 1181 1560 ceterique

143 1588 286 1674 apostoli
301 1608 322 1653 a
337 1588 418 1653 locis
435 1588 490 1653 ubi
502 1594 600 1655 erant
611 1590 645 1652 in
662 1589 805 1654 nubibus
821 1591 1000 1674 rapiuntur
1014 1596 1050 1657 θῖ
1068 1609 1180 1655 coram
1194 1590 1229 1653 lo

143 1705 252 1770 Maria
277 1708 312 1768 et
331 1704 462 1789 virgine
484 1704 639 1769 Johanne
659 1703 877 1770 collocantur.
897 1704 958 1778 Qui
974 1703 1126 1770 videntes
1146 1725 1181 1768 se

144 1823 284 1886 invicem
316 1820 537 1903 congregatos
573 1817 786 1883 mirabantur
815 1817 993 1884 dicentes:
1027 1820 1096 1894 Que
1128 1824 1181 1886 est

143 1933 245 2000 causa
259 1939 396 2019 propter
416 1953 513 2018 quam
530 1935 691 1998 Dominus
706 1952 768 1999 nos
796 1934 1041 2021 congregavit?
1056 1936 1181 2010 Quibus

142 2050 314 2115 lohannes
335 2048 445 2114 dixit:
471 2050 613 2141 Domina
636 2053 754 2114 nostra
774 2053 827 2114 est
850 2049 891 2114 de
910 2069 1050 2134 corpore
1073 2072 1181 2116 reces-
1238 2123 1240 2127 ¹

143 2186 236 2231 sura.
252 2165 335 2230 Cum
351 2168 461 2230 autem
477 2164 576 2230 beata
601 2165 712 2229 Maria
723 2147 841 2229 omnes
857 2166 1026 2250 apostolos
1041 2166 1182 2232 vidisset

142 2281 281 2346 insimul
306 2285 528 2367 congregatos
553 2281 728 2345 Dominum
744 2280 925 2368 ,benedixit
951 2287 985 2346 et
1012 2282 1047 2344 in
1073 2281 1181 2345 medio

142 2369 267 2461 eorum·
277 2394 429 2461 consedit
446 2392 621 2460 rdentibus
637 2393 859 2480 lampadibus.
879 2394 977 2459 Circa
1003 2414 1082 2460 vero
1109 2399 1181 2461 ter-

142 2513 230 2577 ciam
250 2511 361 2576 noctis
381 2509 499 2575 horam
524 2510 618 2576 venit
644 2509 768 2574 ihesus
792 2529 866 2575 cum
891 2509 1020 2594 angelis
1045 2516 1078 2574 et
1098 2509 1181 2574 celo-

140 2647 217 2693 rum
243 2624 428 2692 ordinibus
453 2624 607 2710 Apostoli
633 2628 745 2690 antem
768 2623 926 2690 viderunt
947 2624 1092 2688 animam
1109 2625 1181 2711 ejus

139 2743 233 2808 tanti
262 2721 336 2806 esse
368 2739 525 2806 candoris
553 2744 591 2806 ut
622 2739 715 2805 nulla
740 2739 933 2805 mortalium
959 2739 1076 2824 lingua
1103 2743 1231 2825 pos-20

142 2862 197 2923 set
221 2855 328 2922 effari.
354 2858 436 2921 Tres
455 2857 685 2942 virginesque
709 2853 756 2918 ibi
782 2858 879 2920 erant
896 2873 1016 2940 corpus
1045 2854 1116 2940 ejus
1130 2855 1183 2920 la-

140 2976 322 3048 vaverunt,
335 2970 422 3057 quod
436 2975 535 3037 tanta
552 2970 708 3036 claritate
725 2968 931 3054 resplenduit
947 2973 984 3035 ut
999 2971 1095 3056 tangi
1111 2990 1183 3055 pos·

143 3092 197 3153 set
226 3085 285 3150 sed
307 3105 373 3151 non
395 3084 518 3151 videri.
543 3085 696 3170 Apostoli
714 3104 833 3170 corpus
853 3103 984 3148 sacrum
1007 3104 1106 3168 super
1132 3083 1148 3148 f
1165 3121 1183 3133 -

141 3206 274 3267 retrum
292 3205 487 3286 posuerunt.
508 3200 680 3265 lohannes
702 3198 886 3284 predictam
902 3197 1046 3282 palmam
1069 3198 1185 3292 depor-

143 3295 252 3394 tabat,
270 3317 392 3383 Petrus
413 3320 447 3382 θῖ
466 3315 592 3380 Paulus
609 3314 763 3380 ferebant
781 3333 855 3378 cum
880 3312 1005 3378 feretro
1030 3318 1183 3379 sanctum

144 3451 289 3518 corpus;
308 3432 412 3498 ceteri
429 3451 509 3497 vero
530 3430 672 3516 apostoli
693 3428 885 3496 referebant
904 3430 1044 3521 Domino
1064 3428 1184 3513 dignas

145 3546 275 3612 laudes.
293 3547 458 3613 Veniente
484 3545 624 3612 Domino
652 3545 756 3610 Jhesu
782 3564 856 3610 cum
883 3544 1100 3611 multitudine
1121 3562 1185 3607 an-

146 3662 297 3747 gelorum
334 3646 509 3745 assumpta
530 3665 590 3726 est
620 3661 731 3725 Maria
761 3661 795 3724 in
829 3661 935 3726 celum
969 3663 1003 3724 et
1033 3659 1185 3725 exaltata

147 3794 247 3861 super
286 3773 406 3838 choros
439 3774 648 3859 angelorum,
684 3774 896 3840 Vestimenta
931 3776 1042 3838 autem
1079 3773 1184 3857 ipsius

146 3889 306 3955 dicuntur
340 3887 381 3951 ad
426 3887 689 3954 consolationem
721 3886 869 3952 fidelium
904 3888 939 3951 in
964 3887 1093 3966 tumulo
1122 3907 1182 3952 suo
1195 3889 1233 3953 30

147 4002 231 4098 quod
250 4004 354 4075 estin
374 4002 461 4075 valle
480 4004 643 4096 Josaphat
669 4003 885 4077 remansisse,
906 4004 952 4069 De
972 4003 1090 4099 quibus
1105 4024 1183 4095 ves·
