2790 4792
634 395 833 464 ..220-

256 541 341 606 ltere
358 545 411 605 rit
432 541 465 606 ct.
488 560 552 624 pro
571 550 677 605 matre
700 558 764 605 ruo
780 537 1013 623 persolvendos
1035 541 1077 604 in
1098 541 1245 605 erastino

207 654 477 722 Seueri-Martini
492 658 666 739 hyemalis.

252 773 410 838 11.-11
429 771 494 838 Yd.
513 771 721 853 -Martini,
740 769 894 857 episcopi.
920 768 979 836 ob.

251 886 323 954 Hae
337 886 403 964 die,
426 886 589 955 debentur
607 886 794 973 computari
817 885 994 972 pensiones
1013 885 1192 952 vinearum
1206 885 1247 952 de

209 1001 374 1069 Mordere}
387 1008 422 1070 et
437 1005 534 1071 vinea
548 1003 589 1070 de
602 1003 636 1069 la
648 1002 754 1070 Zubre
768 1001 826 1090 (l).

236 1120 283 1170 Hic
300 1124 464 1181 computetur.

252 1212 324 1278 Hae
341 1209 393 1276 die
412 1211 693 1289 Sancti-Martini,
705 1208 807 1276 habet
821 1213 1018 1286 conventus,
1032 1229 1133 1297 super
1147 1213 1251 1299 plan-

208 1331 260 1394 tas
277 1327 395 1394 subtus
418 1347 531 1394 muros
548 1326 854 1409 Sancti-iohannis,
876 1325 952 1393 vil.
978 1331 1005 1394 t.
1026 1327 1063 1392 xi
1087 1348 1115 1394 s,
1131 1330 1195 1407 viii
1212 1330 1248 1396 d.

238 1443 284 1491 Hie
300 1446 463 1503 computetur.

252 1533 323 1598 Hae
349 1533 414 1612 die,
441 1532 544 1600 habet
560 1536 757 1610 conventus,
783 1553 884 1620 super
897 1533 1031 1599 vineam
1051 1531 1142 1619 apud
1157 1533 1254 1600 Mal-

207 1650 547 1736 leym-vicecomitis
560 1650 595 1714 in
612 1649 685 1716 loeo
700 1649 756 1736 qui
769 1648 892 1718 dieitur
905 1649 938 1715 la
951 1648 1102 1715 Veroille
1113 1649 1150 1714 in
1167 1671 1254 1716 oen-

208 1766 283 1832 siva
309 1764 449 1829 minoris
477 1765 692 1845 Domus-Dei,
708 1764 759 1833 ix
789 1784 817 1830 s.
854 1768 881 1832 t.
914 1784 974 1850 pro
1010 1764 1254 1832 anniversario

210 1880 326 1947 domni
352 1881 520 1968 SymoniS,
553 1881 697 1958 abbatis,
728 1885 763 1949 et
784 1881 812 1945 si
835 1879 938 1947 fuerit
962 1877 1114 1945 defectus
1156 1879 1255 1945 solu-

206 1998 325 2075 tionis,
352 2018 412 2083 pro
431 1996 579 2083 quolibet
607 1996 672 2075 die,
701 2002 844 2083 possunt
861 1996 967 2063 levari
987 2016 1007 2062 a
1029 1996 1256 2083 pittenciario

209 2114 244 2180 vi
261 2112 294 2178 d.
320 2117 362 2191 t.,
383 2113 469 2180 utin
489 2111 613 2180 litteris
629 2113 720 2178 curie
741 2113 942 2180 Senonensis
962 2113 1171 2180 continetur.

238 2229 284 2276 Hie
295 2230 468 2288 computentur
481 2230 504 2274 et
520 2226 718 2274 anniversarium
733 2226 760 2274 fit
772 2228 799 2275 in
811 2228 907 2278 Martio.

239 2318 364 2366 lohannes
378 2331 423 2365 uns
439 2319 490 2364 Anu
502 2321 567 2365 tenet
581 2319 607 2365 lx
619 2329 642 2364 s.
658 2321 678 2368 t.

253 2408 325 2474 Ista
343 2406 396 2473 die
411 2406 512 2474 habet
527 2413 710 2475 conventus
726 2407 813 2495 apud
828 2407 1251 2494 Maleynm-Vioecomitis,

208 2543 308 2610 super
328 2524 504 2610 qnamdam
517 2522 649 2590 domum
665 2544 738 2590 oum
757 2530 831 2593 tota
843 2525 1010 2611 porprisio
1024 2528 1059 2590 et
1075 2544 1179 2611 super
1192 2544 1254 2589 ar-

209 2643 344 2726 pentum
364 2640 460 2704 vinee
480 2639 533 2705 vel
555 2641 689 2706 circiter
716 2640 751 2705 lx
772 2661 798 2706 s.
824 2645 867 2719 t.,
886 2639 1042 2706 videlicet
1064 2658 1125 2725 pro
1145 2640 1253 2705 anni-

209 2754 358 2819 versario
386 2754 549 2820 Johannis
580 2754 619 2819 de
644 2752 827 2830 Pontibus,
858 2752 1034 2835 monaehi,
1067 2759 1101 2819 et
1135 2756 1252 2839 patris

210 2873 244 2935 et
265 2869 402 2946 mairie,
435 2873 469 2937 et
500 2889 560 2955 pro
580 2871 813 2937 anniversario
849 2869 1004 2957 magistri
1039 2867 1181 2936 Roberti
1208 2869 1252 2935 de

209 2983 365 3052 Creoiaoo
377 2990 410 3052 et
426 3005 485 3072 pro
497 2985 630 3052 domino
644 2988 662 3051 J
666 2985 767 3052 aoobo
781 2987 822 3052 de
832 2983 1045 3065 Valleedere,
1058 2984 1157 3048 xxiiii
1174 3005 1204 3050 s,
1220 2991 1245 3052 t.

254 3102 338 3167 Item
353 3121 413 3188 pro
428 3103 446 3166 J
449 3102 580 3168 ohanne
594 3103 779 3188 presbitero
796 3101 836 3167 de
847 3101 1062 3187 SalligniaoO,
1077 3099 1248 3179 Gnidone,

212 3219 392 3285 Hernaudo
407 3225 441 3286 et
456 3218 651 3305 quibusdam
674 3220 761 3297 aliis,
779 3219 886 3284 xxviii
903 3239 931 3282 s.

256 3336 341 3401 Item
357 3355 417 3421 pro
432 3335 588 3418 Henrico‚
604 3336 722 3413 milite,
739 3335 798 3400 viii
812 3353 840 3400 s.
858 3333 900 3399 ad
915 3351 1036 3417 penam
1052 3349 1121 3397 sex.
1138 3330 1171 3397 d.
1186 3352 1249 3419 pro

211 3450 343 3518 defectu
359 3450 451 3536 cujus
465 3450 546 3517 libet
558 3451 635 3516 diei.

242 3572 385 3628 Stephanus
398 3571 499 3616 Beillr'et
510 3583 542 3614 xo
558 3583 579 3616 r.
594 3574 611 3615 t.

242 3661 335 3707 Felieot
345 3661 437 3705 Baillot
446 3672 495 3704 xxv
510 3673 532 3705 s.
552 3664 570 3706 t.

244 3750 466 3796 AmetiaeBallote
481 3761 499 3794 x
513 3761 535 3794 r.
548 3752 565 3793 t.

242 3839 331 3899 Marte,
346 3840 437 3895 semme
448 3838 577 3885 Johannin
585 3838 694 3896 Repnart
704 3850 720 3884 x
731 3850 752 3886 a.
771 3842 788 3884 t.

250 4052 281 4115 (1)
296 4053 327 4101 Le
337 4053 380 4104 Mo.
399 4056 426 4100 56
439 4054 519 4112 aj0nte
534 4052 566 4100 ici
582 4052 706 4099 :Summa
721 4064 738 4098 x
750 4052 777 4103 lt.
788 4051 830 4098 xvi
840 4062 861 4097 r.
879 4049 904 4095 vi
917 4049 946 4094 d.
