<?xml version="1.0" encoding="UTF-8"?>
<!DOCTYPE html PUBLIC "-//W3C//DTD XHTML 1.0 Transitional//EN"
    "http://www.w3.org/TR/xhtml1/DTD/xhtml1-transitional.dtd">
<html xmlns="http://www.w3.org/1999/xhtml" xml:lang="en" lang="en">
 <head>
  <title>
</title>
<meta http-equiv="Content-Type" content="text/html;charset=utf-8" />
  <meta name='ocr-system' content='tesseract 3.04.00' />
  <meta name='ocr-capabilities' content='ocr_page ocr_carea ocr_par ocr_line ocrx_word'/>
</head>
<body>
  <div class='ocr_page' id='page_1' title='image "./lelivredesreliq00jullgoog_0067.png"; bbox 0 0 2790 4792; ppageno 0'>
   <div class='ocr_carea' id='block_1_1' title="bbox 92 387 1326 3948">
    <p class='ocr_par' dir='ltr' id='par_1_1' title="bbox 125 387 1261 3476">
     <span class='ocr_line' id='line_1_1' title="bbox 648 387 822 453; baseline 0 -16"><span class='ocrx_word' id='word_1_1' title='bbox 648 421 693 437; x_wconf 92' lang='grc'>..</span> <span class='ocrx_word' id='word_1_2' title='bbox 714 387 759 453; x_wconf 79' lang='lat'>24</span> <span class='ocrx_word' id='word_1_3' title='bbox 779 421 822 437; x_wconf 88' lang='grc'>.-</span> 
     </span>
     <span class='ocr_line' id='line_1_2' title="bbox 125 503 1261 615; baseline 0.004 -23"><span class='ocrx_word' id='word_1_4' title='bbox 125 586 129 592; x_wconf 87' lang='grc'>.</span> <span class='ocrx_word' id='word_1_5' title='bbox 207 529 316 615; x_wconf 90' lang='lat' dir='ltr'>prima</span> <span class='ocrx_word' id='word_1_6' title='bbox 336 503 451 594; x_wconf 85' lang='lat' dir='ltr'>sabati</span> <span class='ocrx_word' id='word_1_7' title='bbox 469 529 562 594; x_wconf 84' lang='lat' dir='ltr'>venit</span> <span class='ocrx_word' id='word_1_8' title='bbox 593 527 706 594; x_wconf 85' lang='lat' dir='ltr'>Maria</span> <span class='ocrx_word' id='word_1_9' title='bbox 727 528 927 615; x_wconf 87' lang='lat' dir='ltr'>Magdalene</span> <span class='ocrx_word' id='word_1_10' title='bbox 951 527 1116 595; x_wconf 89' lang='lat' dir='ltr'>etaltera</span> <span class='ocrx_word' id='word_1_11' title='bbox 1144 530 1261 596; x_wconf 90' lang='lat' dir='ltr'>Maria</span> 
     </span>
     <span class='ocr_line' id='line_1_3' title="bbox 208 643 1259 731; baseline 0 -20"><span class='ocrx_word' id='word_1_12' title='bbox 208 645 323 721; x_wconf 83' lang='lat' dir='ltr'>videre</span> <span class='ocrx_word' id='word_1_13' title='bbox 343 645 542 731; x_wconf 89' lang='lat' dir='ltr'>sepulcrum.</span> <span class='ocrx_word' id='word_1_14' title='bbox 576 645 623 708; x_wconf 89' lang='lat' dir='ltr'>De</span> <span class='ocrx_word' id='word_1_15' title='bbox 646 643 711 709; x_wconf 88' lang='lat' dir='ltr'>hoo</span> <span class='ocrx_word' id='word_1_16' title='bbox 730 645 882 731; x_wconf 88' lang='lat' dir='ltr'>sepulcro</span> <span class='ocrx_word' id='word_1_17' title='bbox 903 644 1065 710; x_wconf 87' lang='lat' dir='ltr'>habemus</span> <span class='ocrx_word' id='word_1_18' title='bbox 1092 645 1259 730; x_wconf 82' lang='lat' dir='ltr'>reliquias</span> 
     </span>
     <span class='ocr_line' id='line_1_4' title="bbox 210 757 1260 846; baseline 0.002 -22"><span class='ocrx_word' id='word_1_19' title='bbox 210 780 293 845; x_wconf 88' lang='lat' dir='ltr'>quas</span> <span class='ocrx_word' id='word_1_20' title='bbox 312 759 482 846; x_wconf 88' lang='lat' dir='ltr'>predictus</span> <span class='ocrx_word' id='word_1_21' title='bbox 507 757 713 837; x_wconf 82' lang='lat' dir='ltr'><strong>Alexander,</strong></span> <span class='ocrx_word' id='word_1_22' title='bbox 740 759 908 845; x_wconf 80' lang='lat' dir='ltr'>presbiter</span> <span class='ocrx_word' id='word_1_23' title='bbox 938 759 979 824; x_wconf 92' lang='lat' dir='ltr'>de</span> <span class='ocrx_word' id='word_1_24' title='bbox 1002 760 1134 837; x_wconf 89' lang='lat' dir='ltr'>Naudo,</span> <span class='ocrx_word' id='word_1_25' title='bbox 1165 765 1260 828; x_wconf 90' lang='lat' dir='ltr'>tem-</span> 
     </span>
     <span class='ocr_line' id='line_1_5' title="bbox 209 870 1258 960; baseline 0.004 -22"><span class='ocrx_word' id='word_1_26' title='bbox 209 893 290 960; x_wconf 91' lang='lat' dir='ltr'>pore</span> <span class='ocrx_word' id='word_1_27' title='bbox 310 870 446 938; x_wconf 88' lang='lat' dir='ltr'>Alnaldi</span> <span class='ocrx_word' id='word_1_28' title='bbox 475 871 607 940; x_wconf 91' lang='lat' dir='ltr'>abbatis</span> <span class='ocrx_word' id='word_1_29' title='bbox 630 875 709 939; x_wconf 86' lang='lat' dir='ltr'>huic</span> <span class='ocrx_word' id='word_1_30' title='bbox 729 876 935 942; x_wconf 91' lang='lat' dir='ltr'>monasterio</span> <span class='ocrx_word' id='word_1_31' title='bbox 963 874 1177 942; x_wconf 83' lang='lat' dir='ltr'>condonavit.</span> <span class='ocrx_word' id='word_1_32' title='bbox 1212 877 1258 942; x_wconf 88' lang='lat' dir='ltr'>Et</span> 
     </span>
     <span class='ocr_line' id='line_1_6' title="bbox 209 987 1256 1074; baseline 0 -20"><span class='ocrx_word' id='word_1_33' title='bbox 209 992 327 1074; x_wconf 86' lang='lat' dir='ltr'>postea</span> <span class='ocrx_word' id='word_1_34' title='bbox 352 987 504 1074; x_wconf 86' lang='lat' dir='ltr'>prefatus</span> <span class='ocrx_word' id='word_1_35' title='bbox 531 987 712 1054; x_wconf 89' lang='lat' dir='ltr'>Gaufridus</span> <span class='ocrx_word' id='word_1_36' title='bbox 736 988 839 1055; x_wconf 89' lang='lat' dir='ltr'>abbas</span> <span class='ocrx_word' id='word_1_37' title='bbox 865 989 900 1053; x_wconf 92' lang='lat' dir='ltr'>in</span> <span class='ocrx_word' id='word_1_38' title='bbox 924 1007 1029 1074; x_wconf 90' lang='lat' dir='ltr'>parva</span> <span class='ocrx_word' id='word_1_39' title='bbox 1049 988 1117 1055; x_wconf 87' lang='lat' dir='ltr'>alia</span> <span class='ocrx_word' id='word_1_40' title='bbox 1134 989 1256 1055; x_wconf 88' lang='lat' dir='ltr'>tabula</span> 
     </span>
     <span class='ocr_line' id='line_1_7' title="bbox 128 1102 1251 1190; baseline 0.002 -22"><span class='ocrx_word' id='word_1_41' title='bbox 128 1138 131 1144; x_wconf 92' lang='lat'>·</span> <span class='ocrx_word' id='word_1_42' title='bbox 209 1102 397 1170; x_wconf 87' lang='lat' dir='ltr'>cristallina</span> <span class='ocrx_word' id='word_1_43' title='bbox 417 1107 451 1168; x_wconf 91' lang='lat' dir='ltr'>et</span> <span class='ocrx_word' id='word_1_44' title='bbox 480 1108 644 1190; x_wconf 85' lang='lat' dir='ltr'>argentea</span> <span class='ocrx_word' id='word_1_45' title='bbox 662 1103 769 1170; x_wconf 84' lang='lat' dir='ltr'>voluit</span> <span class='ocrx_word' id='word_1_46' title='bbox 801 1104 1006 1169; x_wconf 89' lang='lat' dir='ltr'>conservari.</span> <span class='ocrx_word' id='word_1_47' title='bbox 1032 1105 1080 1168; x_wconf 89' lang='lat' dir='ltr'>De</span> <span class='ocrx_word' id='word_1_48' title='bbox 1097 1104 1251 1188; x_wconf 89' lang='lat' dir='ltr'>sepulcro</span> 
     </span>
     <span class='ocr_line' id='line_1_8' title="bbox 209 1218 1256 1303; baseline 0.001 -21"><span class='ocrx_word' id='word_1_49' title='bbox 209 1219 369 1283; x_wconf 90' lang='lat' dir='ltr'>Dominus</span> <span class='ocrx_word' id='word_1_50' title='bbox 394 1219 519 1284; x_wconf 78' lang='lat' dir='ltr'>ihesus</span> <span class='ocrx_word' id='word_1_51' title='bbox 533 1220 640 1285; x_wconf 89' lang='lat' dir='ltr'>tercia</span> <span class='ocrx_word' id='word_1_52' title='bbox 654 1218 708 1283; x_wconf 91' lang='lat' dir='ltr'>die</span> <span class='ocrx_word' id='word_1_53' title='bbox 722 1220 911 1284; x_wconf 85' lang='lat' dir='ltr'>resurrexit</span> <span class='ocrx_word' id='word_1_54' title='bbox 929 1223 965 1284; x_wconf 89' lang='lat' dir='ltr'>et</span> <span class='ocrx_word' id='word_1_55' title='bbox 984 1218 1092 1284; x_wconf 87' lang='lat' dir='ltr'>multa</span> <span class='ocrx_word' id='word_1_56' title='bbox 1110 1237 1256 1303; x_wconf 89' lang='lat' dir='ltr'>corpora</span> 
     </span>
     <span class='ocr_line' id='line_1_9' title="bbox 209 1334 1254 1419; baseline -0.003 -20"><span class='ocrx_word' id='word_1_57' title='bbox 209 1334 264 1419; x_wconf 90' lang='lat' dir='ltr'>qui</span> <span class='ocrx_word' id='word_1_58' title='bbox 286 1334 470 1400; x_wconf 87' lang='lat' dir='ltr'>dormierat</span> <span class='ocrx_word' id='word_1_59' title='bbox 488 1338 572 1416; x_wconf 77' lang='lat' dir='ltr'>(ric),</span> <span class='ocrx_word' id='word_1_60' title='bbox 601 1337 861 1399; x_wconf 88' lang='lat' dir='ltr'>resurrexerunt</span> <span class='ocrx_word' id='word_1_61' title='bbox 881 1353 956 1399; x_wconf 90' lang='lat' dir='ltr'>cum</span> <span class='ocrx_word' id='word_1_62' title='bbox 976 1353 1014 1398; x_wconf 91' lang='lat' dir='ltr'>eo</span> <span class='ocrx_word' id='word_1_63' title='bbox 1031 1337 1065 1399; x_wconf 90' lang='lat' dir='ltr'>et</span> <span class='ocrx_word' id='word_1_64' title='bbox 1083 1353 1254 1418; x_wconf 87' lang='lat' dir='ltr'>apparue-</span> 
     </span>
     <span class='ocr_line' id='line_1_10' title="bbox 208 1430 1255 1534; baseline -0.001 -22"><span class='ocrx_word' id='word_1_65' title='bbox 208 1453 290 1514; x_wconf 90' lang='lat' dir='ltr'>runt</span> <span class='ocrx_word' id='word_1_66' title='bbox 301 1430 438 1515; x_wconf 84' lang='lat' dir='ltr'>multis.</span> <span class='ocrx_word' id='word_1_67' title='bbox 458 1450 497 1512; x_wconf 93' lang='lat' dir='ltr'>In</span> <span class='ocrx_word' id='word_1_68' title='bbox 515 1449 723 1534; x_wconf 87' lang='lat' dir='ltr'>Euvangelio</span> <span class='ocrx_word' id='word_1_69' title='bbox 737 1447 936 1515; x_wconf 90' lang='lat' dir='ltr'>Nichodemi</span> <span class='ocrx_word' id='word_1_70' title='bbox 952 1448 1078 1534; x_wconf 85' lang='lat' dir='ltr'>legitur</span> <span class='ocrx_word' id='word_1_71' title='bbox 1090 1446 1176 1532; x_wconf 93' lang='lat' dir='ltr'>quod</span> <span class='ocrx_word' id='word_1_72' title='bbox 1192 1447 1255 1513; x_wconf 84' lang='lat' dir='ltr'>Ca·</span> 
     </span>
     <span class='ocr_line' id='line_1_11' title="bbox 163 1559 1259 1649; baseline -0.002 -20"><span class='ocrx_word' id='word_1_73' title='bbox 163 1559 199 1620; x_wconf 84' lang='lat'>¹0</span> <span class='ocrx_word' id='word_1_74' title='bbox 210 1563 304 1629; x_wconf 88' lang='lat' dir='ltr'>rinus</span> <span class='ocrx_word' id='word_1_75' title='bbox 322 1567 356 1629; x_wconf 88' lang='lat' dir='ltr'>et</span> <span class='ocrx_word' id='word_1_76' title='bbox 368 1563 524 1645; x_wconf 82' lang='lat' dir='ltr'>Larcius,</span> <span class='ocrx_word' id='word_1_77' title='bbox 537 1562 597 1627; x_wconf 89' lang='lat' dir='ltr'>filii</span> <span class='ocrx_word' id='word_1_78' title='bbox 608 1564 784 1649; x_wconf 88' lang='lat' dir='ltr'>Symeonis</span> <span class='ocrx_word' id='word_1_79' title='bbox 792 1564 891 1648; x_wconf 84' lang='lat' dir='ltr'>justi,</span> <span class='ocrx_word' id='word_1_80' title='bbox 905 1583 979 1629; x_wconf 89' lang='lat' dir='ltr'>cum</span> <span class='ocrx_word' id='word_1_81' title='bbox 990 1563 1126 1629; x_wconf 88' lang='lat' dir='ltr'>Christo</span> <span class='ocrx_word' id='word_1_82' title='bbox 1138 1582 1259 1627; x_wconf 85' lang='lat' dir='ltr'>resur-</span> 
     </span>
     <span class='ocr_line' id='line_1_12' title="bbox 208 1677 1256 1764; baseline 0.002 -22"><span class='ocrx_word' id='word_1_83' title='bbox 208 1682 372 1744; x_wconf 87' lang='lat' dir='ltr'>rexerunt</span> <span class='ocrx_word' id='word_1_84' title='bbox 389 1682 423 1744; x_wconf 91' lang='lat' dir='ltr'>et</span> <span class='ocrx_word' id='word_1_85' title='bbox 445 1684 692 1764; x_wconf 86' lang='lat' dir='ltr'>apparuerunt:</span> <span class='ocrx_word' id='word_1_86' title='bbox 714 1683 821 1760; x_wconf 87' lang='lat' dir='ltr'>Anne,</span> <span class='ocrx_word' id='word_1_87' title='bbox 842 1678 1015 1764; x_wconf 83' lang='lat' dir='ltr'>Chayphe‚</span> <span class='ocrx_word' id='word_1_88' title='bbox 1033 1677 1256 1756; x_wconf 86' lang='lat' dir='ltr'>Nichodemo,</span> 
     </span>
     <span class='ocr_line' id='line_1_13' title="bbox 209 1786 1258 1878; baseline 0 -20"><span class='ocrx_word' id='word_1_89' title='bbox 209 1792 345 1878; x_wconf 86' lang='lat' dir='ltr'>Joseph,</span> <span class='ocrx_word' id='word_1_90' title='bbox 368 1786 545 1858; x_wconf 86' lang='lat' dir='ltr'>Gamalieli</span> <span class='ocrx_word' id='word_1_91' title='bbox 562 1798 595 1859; x_wconf 89' lang='lat' dir='ltr'>et</span> <span class='ocrx_word' id='word_1_92' title='bbox 612 1793 688 1858; x_wconf 90' lang='lat' dir='ltr'>aliis</span> <span class='ocrx_word' id='word_1_93' title='bbox 703 1816 711 1872; x_wconf 89' lang='grc'><strong>;</strong></span> <span class='ocrx_word' id='word_1_94' title='bbox 734 1798 769 1859; x_wconf 87' lang='lat' dir='ltr'>et</span> <span class='ocrx_word' id='word_1_95' title='bbox 787 1793 947 1858; x_wconf 88' lang='lat' dir='ltr'>dixerunt</span> <span class='ocrx_word' id='word_1_96' title='bbox 968 1794 1016 1858; x_wconf 92' lang='lat' dir='ltr'>eis</span> <span class='ocrx_word' id='word_1_97' title='bbox 1034 1813 1041 1857; x_wconf 93' lang='lat'>:</span> <span class='ocrx_word' id='word_1_98' title='bbox 1061 1792 1143 1858; x_wconf 83' lang='lat' dir='ltr'>Cum</span> <span class='ocrx_word' id='word_1_99' title='bbox 1162 1812 1258 1858; x_wconf 89' lang='lat' dir='ltr'>esse-</span> 
     </span>
     <span class='ocr_line' id='line_1_14' title="bbox 209 1908 1252 1995; baseline 0.002 -23"><span class='ocrx_word' id='word_1_100' title='bbox 209 1929 283 1973; x_wconf 90' lang='lat' dir='ltr'>mus</span> <span class='ocrx_word' id='word_1_101' title='bbox 300 1908 543 1994; x_wconf 87' lang='lat' dir='ltr'>compatribus</span> <span class='ocrx_word' id='word_1_102' title='bbox 560 1910 595 1973; x_wconf 93' lang='lat' dir='ltr'>in</span> <span class='ocrx_word' id='word_1_103' title='bbox 609 1909 752 1995; x_wconf 85' lang='lat' dir='ltr'>caligine</span> <span class='ocrx_word' id='word_1_104' title='bbox 769 1909 998 1987; x_wconf 87' lang='lat' dir='ltr'>tenebrarum,</span> <span class='ocrx_word' id='word_1_105' title='bbox 1016 1908 1127 1976; x_wconf 91' lang='lat' dir='ltr'>subito</span> <span class='ocrx_word' id='word_1_106' title='bbox 1138 1908 1252 1975; x_wconf 87' lang='lat' dir='ltr'>factus</span> 
     </span>
     <span class='ocr_line' id='line_1_15' title="bbox 210 2023 1257 2110; baseline 0.001 -22"><span class='ocrx_word' id='word_1_107' title='bbox 210 2028 263 2089; x_wconf 89' lang='lat' dir='ltr'>est</span> <span class='ocrx_word' id='word_1_108' title='bbox 277 2043 399 2088; x_wconf 88' lang='lat' dir='ltr'>aureus</span> <span class='ocrx_word' id='word_1_109' title='bbox 416 2023 498 2088; x_wconf 83' lang='lat' dir='ltr'>solis</span> <span class='ocrx_word' id='word_1_110' title='bbox 520 2023 612 2088; x_wconf 92' lang='lat' dir='ltr'>color</span> <span class='ocrx_word' id='word_1_111' title='bbox 628 2025 663 2088; x_wconf 91' lang='lat' dir='ltr'>et</span> <span class='ocrx_word' id='word_1_112' title='bbox 678 2023 738 2087; x_wconf 88' lang='lat' dir='ltr'>lux</span> <span class='ocrx_word' id='word_1_113' title='bbox 757 2023 934 2089; x_wconf 89' lang='lat' dir='ltr'>illustrans</span> <span class='ocrx_word' id='word_1_114' title='bbox 951 2043 1052 2110; x_wconf 89' lang='lat' dir='ltr'>super</span> <span class='ocrx_word' id='word_1_115' title='bbox 1070 2042 1132 2088; x_wconf 91' lang='lat' dir='ltr'>nos</span> <span class='ocrx_word' id='word_1_116' title='bbox 1154 2046 1162 2102; x_wconf 91' lang='lat'>;</span> <span class='ocrx_word' id='word_1_117' title='bbox 1185 2027 1257 2089; x_wconf 91' lang='lat' dir='ltr'>sta·</span> 
     </span>
     <span class='ocr_line' id='line_1_16' title="bbox 208 2135 1259 2232; baseline 0.004 -32"><span class='ocrx_word' id='word_1_118' title='bbox 208 2137 271 2232; x_wconf 85' lang='lat' dir='ltr'>tim</span> <span class='ocrx_word' id='word_1_119' title='bbox 286 2135 395 2202; x_wconf 84' lang='lat' dir='ltr'>Adam</span> <span class='ocrx_word' id='word_1_120' title='bbox 410 2141 507 2222; x_wconf 89' lang='lat' dir='ltr'>pater</span> <span class='ocrx_word' id='word_1_121' title='bbox 521 2137 662 2202; x_wconf 90' lang='lat' dir='ltr'>humani</span> <span class='ocrx_word' id='word_1_122' title='bbox 682 2139 816 2223; x_wconf 86' lang='lat' dir='ltr'>generis</span> <span class='ocrx_word' id='word_1_123' title='bbox 836 2138 1004 2205; x_wconf 81' lang='lat' dir='ltr'>exultavit</span> <span class='ocrx_word' id='word_1_124' title='bbox 1019 2138 1134 2204; x_wconf 90' lang='lat' dir='ltr'>dicens</span> <span class='ocrx_word' id='word_1_125' title='bbox 1150 2159 1158 2203; x_wconf 91' lang='lat'>:</span> <span class='ocrx_word' id='word_1_126' title='bbox 1175 2138 1259 2204; x_wconf 84' lang='lat' dir='ltr'>Lux</span> 
     </span>
     <span class='ocr_line' id='line_1_17' title="bbox 208 2251 1258 2338; baseline 0.005 -23"><span class='ocrx_word' id='word_1_127' title='bbox 208 2251 276 2318; x_wconf 89' lang='lat' dir='ltr'>ista</span> <span class='ocrx_word' id='word_1_128' title='bbox 296 2251 422 2318; x_wconf 88' lang='lat' dir='ltr'>actoris</span> <span class='ocrx_word' id='word_1_129' title='bbox 441 2256 495 2318; x_wconf 90' lang='lat' dir='ltr'>est</span> <span class='ocrx_word' id='word_1_130' title='bbox 512 2251 648 2316; x_wconf 88' lang='lat' dir='ltr'>luminis</span> <span class='ocrx_word' id='word_1_131' title='bbox 673 2253 896 2337; x_wconf 64' lang='lat' dir='ltr'>sempiterni.</span> <span class='ocrx_word' id='word_1_132' title='bbox 908 2254 965 2338; x_wconf 91' lang='lat' dir='ltr'>qui</span> <span class='ocrx_word' id='word_1_133' title='bbox 987 2253 1083 2318; x_wconf 92' lang='lat' dir='ltr'>nobis</span> <span class='ocrx_word' id='word_1_134' title='bbox 1096 2253 1258 2338; x_wconf 88' lang='lat' dir='ltr'>promisit</span> 
     </span>
     <span class='ocr_line' id='line_1_18' title="bbox 207 2366 1254 2461; baseline 0.004 -31"><span class='ocrx_word' id='word_1_135' title='bbox 207 2367 344 2433; x_wconf 89' lang='lat' dir='ltr'>mittere</span> <span class='ocrx_word' id='word_1_136' title='bbox 358 2370 552 2461; x_wconf 87' lang='lat' dir='ltr'>coeternum</span> <span class='ocrx_word' id='word_1_137' title='bbox 568 2366 681 2431; x_wconf 86' lang='lat' dir='ltr'>lumen</span> <span class='ocrx_word' id='word_1_138' title='bbox 698 2387 807 2431; x_wconf 89' lang='lat' dir='ltr'>suum.</span> <span class='ocrx_word' id='word_1_139' title='bbox 827 2368 871 2433; x_wconf 88' lang='lat' dir='ltr'>Et</span> <span class='ocrx_word' id='word_1_140' title='bbox 886 2367 1090 2434; x_wconf 89' lang='lat' dir='ltr'>exclamavit</span> <span class='ocrx_word' id='word_1_141' title='bbox 1102 2368 1254 2434; x_wconf 85' lang='lat' dir='ltr'>Ysaias:</span> 
     </span>
     <span class='ocr_line' id='line_1_19' title="bbox 208 2480 1258 2568; baseline 0.002 -22"><span class='ocrx_word' id='word_1_142' title='bbox 208 2481 277 2546; x_wconf 89' lang='lat' dir='ltr'>Hec</span> <span class='ocrx_word' id='word_1_143' title='bbox 296 2481 355 2546; x_wconf 87' lang='lat' dir='ltr'>lux</span> <span class='ocrx_word' id='word_1_144' title='bbox 375 2482 447 2563; x_wconf 82' lang='lat' dir='ltr'>Dei,</span> <span class='ocrx_word' id='word_1_145' title='bbox 470 2482 557 2547; x_wconf 87' lang='lat' dir='ltr'>sicut</span> <span class='ocrx_word' id='word_1_146' title='bbox 579 2480 712 2566; x_wconf 83' lang='lat' dir='ltr'>predixi</span> <span class='ocrx_word' id='word_1_147' title='bbox 732 2481 767 2545; x_wconf 93' lang='lat' dir='ltr'>in</span> <span class='ocrx_word' id='word_1_148' title='bbox 786 2483 902 2548; x_wconf 85' lang='lat' dir='ltr'>terris.</span> <span class='ocrx_word' id='word_1_149' title='bbox 926 2482 1074 2568; x_wconf 89' lang='lat' dir='ltr'>Populus</span> <span class='ocrx_word' id='word_1_150' title='bbox 1098 2483 1154 2567; x_wconf 92' lang='lat' dir='ltr'>qui</span> <span class='ocrx_word' id='word_1_151' title='bbox 1177 2502 1258 2548; x_wconf 90' lang='lat' dir='ltr'>am-</span> 
     </span>
     <span class='ocr_line' id='line_1_20' title="bbox 208 2595 1253 2684; baseline 0.002 -21.933"><span class='ocrx_word' id='word_1_152' title='bbox 208 2596 345 2663; x_wconf 86' lang='lat' dir='ltr'>bulabat</span> <span class='ocrx_word' id='word_1_153' title='bbox 360 2598 395 2661; x_wconf 94' lang='lat' dir='ltr'>in</span> <span class='ocrx_word' id='word_1_154' title='bbox 409 2597 560 2664; x_wconf 88' lang='lat' dir='ltr'>tenebris</span> <span class='ocrx_word' id='word_1_155' title='bbox 574 2595 659 2663; x_wconf 81' lang='lat' dir='ltr'>uidit</span> <span class='ocrx_word' id='word_1_156' title='bbox 671 2596 779 2662; x_wconf 88' lang='lat' dir='ltr'>lucem</span> <span class='ocrx_word' id='word_1_157' title='bbox 791 2617 961 2684; x_wconf 86' lang='lat' dir='ltr'>magnam.</span> <span class='ocrx_word' id='word_1_158' title='bbox 975 2600 1068 2663; x_wconf 86' lang='lat' dir='ltr'>Tunc</span> <span class='ocrx_word' id='word_1_159' title='bbox 1084 2598 1230 2683; x_wconf 84' lang='lat' dir='ltr'>Symeon</span> <span class='ocrx_word' id='word_1_160' title='bbox 1246 2620 1253 2664; x_wconf 93' lang='lat'>:</span> 
     </span>
     <span class='ocr_line' id='line_1_21' title="bbox 160 2706 1255 2797; baseline 0 -21"><span class='ocrx_word' id='word_1_161' title='bbox 160 2706 306 2777; x_wconf 76' lang='lat' dir='ltr'>20Hun0</span> <span class='ocrx_word' id='word_1_162' title='bbox 322 2716 439 2778; x_wconf 87' lang='lat' dir='ltr'>natum</span> <span class='ocrx_word' id='word_1_163' title='bbox 462 2713 497 2775; x_wconf 92' lang='lat' dir='ltr'>in</span> <span class='ocrx_word' id='word_1_164' title='bbox 515 2711 640 2796; x_wconf 89' lang='lat' dir='ltr'>templo</span> <span class='ocrx_word' id='word_1_165' title='bbox 662 2712 804 2797; x_wconf 89' lang='lat' dir='ltr'>suscepi.</span> <span class='ocrx_word' id='word_1_166' title='bbox 824 2713 868 2779; x_wconf 88' lang='lat' dir='ltr'>Et</span> <span class='ocrx_word' id='word_1_167' title='bbox 881 2712 1053 2778; x_wconf 87' lang='lat' dir='ltr'>Johannes</span> <span class='ocrx_word' id='word_1_168' title='bbox 1070 2713 1227 2797; x_wconf 83' lang='lat' dir='ltr'>Baptista</span> <span class='ocrx_word' id='word_1_169' title='bbox 1245 2733 1255 2776; x_wconf 89' lang='lat'>:</span> 
     </span>
     <span class='ocr_line' id='line_1_22' title="bbox 207 2825 1253 2914; baseline 0.005 -25"><span class='ocrx_word' id='word_1_170' title='bbox 207 2825 297 2892; x_wconf 83' lang='lat' dir='ltr'>Ante</span> <span class='ocrx_word' id='word_1_171' title='bbox 314 2825 433 2900; x_wconf 87' lang='lat' dir='ltr'>faciem</span> <span class='ocrx_word' id='word_1_172' title='bbox 457 2827 556 2892; x_wconf 91' lang='lat' dir='ltr'>istius</span> <span class='ocrx_word' id='word_1_173' title='bbox 572 2827 679 2912; x_wconf 87' lang='lat' dir='ltr'>preivi</span> <span class='ocrx_word' id='word_1_174' title='bbox 702 2832 737 2893; x_wconf 89' lang='lat' dir='ltr'>et</span> <span class='ocrx_word' id='word_1_175' title='bbox 753 2829 861 2913; x_wconf 91' lang='lat' dir='ltr'>ipsum</span> <span class='ocrx_word' id='word_1_176' title='bbox 883 2828 989 2914; x_wconf 85' lang='lat' dir='ltr'>digito</span> <span class='ocrx_word' id='word_1_177' title='bbox 1010 2828 1253 2894; x_wconf 86' lang='lat' dir='ltr'>demonstravi.</span> 
     </span>
     <span class='ocr_line' id='line_1_23' title="bbox 208 2939 1257 3029; baseline 0.003 -25"><span class='ocrx_word' id='word_1_178' title='bbox 208 2940 252 3005; x_wconf 85' lang='lat' dir='ltr'>Et</span> <span class='ocrx_word' id='word_1_179' title='bbox 268 2939 373 3006; x_wconf 84' lang='lat' dir='ltr'>David</span> <span class='ocrx_word' id='word_1_180' title='bbox 388 2960 395 3004; x_wconf 93' lang='lat'>:</span> <span class='ocrx_word' id='word_1_181' title='bbox 413 2940 574 3006; x_wconf 88' lang='lat' dir='ltr'>Dominus</span> <span class='ocrx_word' id='word_1_182' title='bbox 595 2941 695 3008; x_wconf 87' lang='lat' dir='ltr'>fortis</span> <span class='ocrx_word' id='word_1_183' title='bbox 710 2947 744 3008; x_wconf 90' lang='lat' dir='ltr'>et</span> <span class='ocrx_word' id='word_1_184' title='bbox 759 2948 878 3029; x_wconf 90' lang='lat' dir='ltr'>potens</span> <span class='ocrx_word' id='word_1_185' title='bbox 894 2943 965 3029; x_wconf 87' lang='lat' dir='ltr'>ipse</span> <span class='ocrx_word' id='word_1_186' title='bbox 984 2946 1049 3007; x_wconf 91' lang='lat' dir='ltr'>est.</span> <span class='ocrx_word' id='word_1_187' title='bbox 1069 2943 1161 3007; x_wconf 89' lang='lat' dir='ltr'>Tunc</span> <span class='ocrx_word' id='word_1_188' title='bbox 1178 2942 1257 3007; x_wconf 81' lang='lat' dir='ltr'>ltex</span> 
     </span>
     <span class='ocr_line' id='line_1_24' title="bbox 208 3055 1253 3141; baseline 0.005 -23"><span class='ocrx_word' id='word_1_189' title='bbox 208 3055 314 3140; x_wconf 86' lang='lat' dir='ltr'>glorie</span> <span class='ocrx_word' id='word_1_190' title='bbox 341 3056 535 3141; x_wconf 87' lang='lat' dir='ltr'>supervenit</span> <span class='ocrx_word' id='word_1_191' title='bbox 562 3061 597 3123; x_wconf 85' lang='lat' dir='ltr'>et</span> <span class='ocrx_word' id='word_1_192' title='bbox 626 3061 762 3124; x_wconf 90' lang='lat' dir='ltr'>eternas</span> <span class='ocrx_word' id='word_1_193' title='bbox 790 3057 949 3124; x_wconf 82' lang='lat' dir='ltr'>tenebras</span> <span class='ocrx_word' id='word_1_194' title='bbox 968 3057 1176 3133; x_wconf 85' lang='lat' dir='ltr'>illustravit,</span> <span class='ocrx_word' id='word_1_195' title='bbox 1216 3063 1253 3124; x_wconf 91' lang='lat' dir='ltr'>et</span> 
     </span>
     <span class='ocr_line' id='line_1_25' title="bbox 207 3171 1252 3266; baseline 0.001 -29"><span class='ocrx_word' id='word_1_196' title='bbox 207 3176 326 3237; x_wconf 88' lang='lat' dir='ltr'>tenens</span> <span class='ocrx_word' id='word_1_197' title='bbox 344 3171 517 3239; x_wconf 90' lang='lat' dir='ltr'>dexteram</span> <span class='ocrx_word' id='word_1_198' title='bbox 533 3171 605 3238; x_wconf 87' lang='lat' dir='ltr'>Ade</span> <span class='ocrx_word' id='word_1_199' title='bbox 620 3171 706 3238; x_wconf 83' lang='lat' dir='ltr'>dixit</span> <span class='ocrx_word' id='word_1_200' title='bbox 721 3195 728 3238; x_wconf 92' lang='lat'><strong>:</strong></span> <span class='ocrx_word' id='word_1_201' title='bbox 745 3174 819 3237; x_wconf 87' lang='lat' dir='ltr'>Pax</span> <span class='ocrx_word' id='word_1_202' title='bbox 834 3172 897 3239; x_wconf 90' lang='lat' dir='ltr'>tibi</span> <span class='ocrx_word' id='word_1_203' title='bbox 914 3177 949 3237; x_wconf 90' lang='lat' dir='ltr'>et</span> <span class='ocrx_word' id='word_1_204' title='bbox 962 3171 1042 3237; x_wconf 89' lang='lat' dir='ltr'>filiis</span> <span class='ocrx_word' id='word_1_205' title='bbox 1061 3173 1131 3266; x_wconf 82' lang='lat' dir='ltr'>tuis</span> <span class='ocrx_word' id='word_1_206' title='bbox 1145 3173 1252 3258; x_wconf 90' lang='lat' dir='ltr'>justis</span> 
     </span>
     <span class='ocr_line' id='line_1_26' title="bbox 208 3285 1255 3368; baseline 0.002 -18"><span class='ocrx_word' id='word_1_207' title='bbox 208 3287 303 3353; x_wconf 89' lang='lat' dir='ltr'>meis.</span> <span class='ocrx_word' id='word_1_208' title='bbox 333 3287 377 3352; x_wconf 87' lang='lat' dir='ltr'>Et</span> <span class='ocrx_word' id='word_1_209' title='bbox 397 3285 548 3352; x_wconf 87' lang='lat' dir='ltr'>ascendit</span> <span class='ocrx_word' id='word_1_210' title='bbox 577 3288 701 3353; x_wconf 87' lang='lat' dir='ltr'>Jhesus</span> <span class='ocrx_word' id='word_1_211' title='bbox 732 3287 773 3353; x_wconf 91' lang='lat' dir='ltr'>ab</span> <span class='ocrx_word' id='word_1_212' title='bbox 799 3286 928 3368; x_wconf 87' lang='lat' dir='ltr'>inferis,</span> <span class='ocrx_word' id='word_1_213' title='bbox 957 3291 990 3352; x_wconf 89' lang='lat' dir='ltr'>et</span> <span class='ocrx_word' id='word_1_214' title='bbox 1009 3306 1124 3351; x_wconf 91' lang='lat' dir='ltr'>omnes</span> <span class='ocrx_word' id='word_1_215' title='bbox 1143 3289 1255 3354; x_wconf 86' lang='lat' dir='ltr'>sancti</span> 
     </span>
     <span class='ocr_line' id='line_1_27' title="bbox 208 3401 1255 3476; baseline 0.001 -10"><span class='ocrx_word' id='word_1_216' title='bbox 208 3402 313 3468; x_wconf 89' lang='lat' dir='ltr'>secuti</span> <span class='ocrx_word' id='word_1_217' title='bbox 334 3404 414 3468; x_wconf 87' lang='lat' dir='ltr'>sunt</span> <span class='ocrx_word' id='word_1_218' title='bbox 430 3421 517 3476; x_wconf 89' lang='lat' dir='ltr'>eum,</span> <span class='ocrx_word' id='word_1_219' title='bbox 536 3407 570 3468; x_wconf 89' lang='lat' dir='ltr'>et</span> <span class='ocrx_word' id='word_1_220' title='bbox 585 3402 727 3469; x_wconf 81' lang='lat' dir='ltr'>tradidit</span> <span class='ocrx_word' id='word_1_221' title='bbox 743 3423 799 3468; x_wconf 93' lang='lat' dir='ltr'>eos</span> <span class='ocrx_word' id='word_1_222' title='bbox 820 3401 990 3467; x_wconf 86' lang='lat' dir='ltr'>Michaeli.</span> <span class='ocrx_word' id='word_1_223' title='bbox 1007 3403 1051 3468; x_wconf 85' lang='lat' dir='ltr'>Et</span> <span class='ocrx_word' id='word_1_224' title='bbox 1067 3402 1133 3466; x_wconf 88' lang='lat' dir='ltr'>hiis</span> <span class='ocrx_word' id='word_1_225' title='bbox 1152 3401 1255 3468; x_wconf 87' lang='lat' dir='ltr'>factis</span> 
     </span>
    </p>

    <p class='ocr_par' dir='ltr' id='par_1_2' title="bbox 92 3492 1326 3948">
     <span class='ocr_line' id='line_1_28' title="bbox 206 3492 1326 3602; baseline 0.003 -22"><span class='ocrx_word' id='word_1_226' title='bbox 206 3522 379 3602; x_wconf 87' lang='lat' dir='ltr'>presentes</span> <span class='ocrx_word' id='word_1_227' title='bbox 400 3515 569 3583; x_wconf 83' lang='lat' dir='ltr'>affuerunt</span> <span class='ocrx_word' id='word_1_228' title='bbox 590 3517 706 3582; x_wconf 86' lang='lat' dir='ltr'>Enohc</span> <span class='ocrx_word' id='word_1_229' title='bbox 726 3522 761 3583; x_wconf 89' lang='lat' dir='ltr'>et</span> <span class='ocrx_word' id='word_1_230' title='bbox 777 3517 906 3594; x_wconf 77' lang='lat' dir='ltr'>HeliaS,</span> <span class='ocrx_word' id='word_1_231' title='bbox 928 3538 967 3582; x_wconf 85' lang='lat' dir='ltr'>ac</span> <span class='ocrx_word' id='word_1_232' title='bbox 987 3518 1089 3583; x_wconf 90' lang='lat' dir='ltr'>etiam</span> <span class='ocrx_word' id='word_1_233' title='bbox 1106 3517 1196 3582; x_wconf 86' lang='lat' dir='ltr'>latro</span> <span class='ocrx_word' id='word_1_234' title='bbox 1212 3517 1271 3583; x_wconf 83' lang='lat' dir='ltr'>do.</span> <span class='ocrx_word' id='word_1_235' title='bbox 1320 3492 1326 3499; x_wconf 36' lang='grc'><strong>”</strong></span> 
     </span>
     <span class='ocr_line' id='line_1_29' title="bbox 205 3630 1255 3717; baseline 0.001 -21"><span class='ocrx_word' id='word_1_236' title='bbox 205 3651 303 3696; x_wconf 90' lang='lat' dir='ltr'>cruce</span> <span class='ocrx_word' id='word_1_237' title='bbox 319 3630 431 3696; x_wconf 85' lang='lat' dir='ltr'>ferens</span> <span class='ocrx_word' id='word_1_238' title='bbox 451 3632 584 3717; x_wconf 86' lang='lat' dir='ltr'>signum</span> <span class='ocrx_word' id='word_1_239' title='bbox 610 3633 731 3697; x_wconf 91' lang='lat' dir='ltr'>crucis.</span> <span class='ocrx_word' id='word_1_240' title='bbox 761 3632 836 3697; x_wconf 91' lang='lat' dir='ltr'>Hiis</span> <span class='ocrx_word' id='word_1_241' title='bbox 857 3631 956 3699; x_wconf 90' lang='lat' dir='ltr'>dictis</span> <span class='ocrx_word' id='word_1_242' title='bbox 981 3633 1091 3698; x_wconf 91' lang='lat' dir='ltr'>subito</span> <span class='ocrx_word' id='word_1_243' title='bbox 1112 3632 1255 3697; x_wconf 87' lang='lat' dir='ltr'>transfi-</span> 
     </span>
     <span class='ocr_line' id='line_1_30' title="bbox 92 3748 1256 3834; baseline 0.003 -23"><span class='ocrx_word' id='word_1_244' title='bbox 92 3773 98 3785; x_wconf 74' lang='grc'><em>’</em></span> <span class='ocrx_word' id='word_1_245' title='bbox 206 3749 319 3833; x_wconf 84' lang='lat' dir='ltr'>gurati</span> <span class='ocrx_word' id='word_1_246' title='bbox 352 3753 430 3814; x_wconf 89' lang='lat' dir='ltr'>sunt</span> <span class='ocrx_word' id='word_1_247' title='bbox 459 3748 603 3814; x_wconf 88' lang='lat' dir='ltr'>Carinus</span> <span class='ocrx_word' id='word_1_248' title='bbox 634 3752 668 3813; x_wconf 90' lang='lat' dir='ltr'>et</span> <span class='ocrx_word' id='word_1_249' title='bbox 689 3749 833 3814; x_wconf 83' lang='lat' dir='ltr'>Lencius</span> <span class='ocrx_word' id='word_1_250' title='bbox 858 3752 892 3813; x_wconf 89' lang='lat' dir='ltr'>ct</span> <span class='ocrx_word' id='word_1_251' title='bbox 922 3748 1065 3834; x_wconf 90' lang='lat' dir='ltr'>amplius</span> <span class='ocrx_word' id='word_1_252' title='bbox 1084 3767 1151 3813; x_wconf 92' lang='lat' dir='ltr'>non</span> <span class='ocrx_word' id='word_1_253' title='bbox 1172 3755 1256 3815; x_wconf 86' lang='lat' dir='ltr'>suut</span> 
     </span>
     <span class='ocr_line' id='line_1_31' title="bbox 157 3860 1255 3948; baseline 0.006 -26"><span class='ocrx_word' id='word_1_254' title='bbox 157 3860 196 3924; x_wconf 89' lang='lat'>30</span> <span class='ocrx_word' id='word_1_255' title='bbox 209 3862 286 3929; x_wconf 83' lang='lat' dir='ltr'>visi.</span> <span class='ocrx_word' id='word_1_256' title='bbox 307 3864 389 3928; x_wconf 90' lang='lat' dir='ltr'>Post</span> <span class='ocrx_word' id='word_1_257' title='bbox 410 3863 691 3929; x_wconf 82' lang='lat' dir='ltr'>resurrectionem</span> <span class='ocrx_word' id='word_1_258' title='bbox 711 3863 872 3928; x_wconf 90' lang='lat' dir='ltr'>Dominus</span> <span class='ocrx_word' id='word_1_259' title='bbox 893 3862 1016 3933; x_wconf 75' lang='lat' dir='ltr'>ihesus</span> <span class='ocrx_word' id='word_1_260' title='bbox 1037 3862 1198 3948; x_wconf 87' lang='lat' dir='ltr'>apostolis</span> <span class='ocrx_word' id='word_1_261' title='bbox 1218 3869 1255 3929; x_wconf 88' lang='lat' dir='ltr'>et</span> 
     </span>
    </p>
   </div>
   <div class='ocr_carea' id='block_1_2' title="bbox 210 3976 1254 4074">
    <p class='ocr_par' dir='ltr' id='par_1_3' title="bbox 210 3976 1254 4074">
     <span class='ocr_line' id='line_1_32' title="bbox 210 3976 1254 4074; baseline 0.001 -27"><span class='ocrx_word' id='word_1_262' title='bbox 210 3976 382 4073; x_wconf 79' lang='lat' dir='ltr'>discipulis</span> <span class='ocrx_word' id='word_1_263' title='bbox 406 3998 467 4073; x_wconf 87' lang='lat' dir='ltr'>per</span> <span class='ocrx_word' id='word_1_264' title='bbox 490 3978 717 4073; x_wconf 84' lang='lat' dir='ltr'>quadraginta</span> <span class='ocrx_word' id='word_1_265' title='bbox 739 3977 810 4045; x_wconf 88' lang='lat' dir='ltr'>dies</span> <span class='ocrx_word' id='word_1_266' title='bbox 830 3997 997 4074; x_wconf 85' lang='lat' dir='ltr'>apparens</span> <span class='ocrx_word' id='word_1_267' title='bbox 1018 3997 1106 4050; x_wconf 83' lang='lat' dir='ltr'>anuo</span> <span class='ocrx_word' id='word_1_268' title='bbox 1133 3976 1174 4049; x_wconf 80' lang='lat' dir='ltr'>ab</span> <span class='ocrx_word' id='word_1_269' title='bbox 1196 3977 1254 4065; x_wconf 34' lang='lat' dir='ltr'>in„-</span> 
     </span>
    </p>
   </div>
   <div class='ocr_carea' id='block_1_3' title="bbox 0 0 1400 4792">
    <p class='ocr_par' dir='ltr' id='par_1_4' title="bbox 0 0 1400 4792">
     <span class='ocr_line' id='line_1_33' title="bbox 0 0 1400 4792; baseline 0 1"><span class='ocrx_word' id='word_1_270' title='bbox 0 0 1400 4792; x_wconf 95' lang='lat' dir='ltr'> </span> 
     </span>
    </p>
   </div>
  </div>
 </body>
</html>
