2790 4792
638 405 835 471 -114-

221 549 365 616 intuitus
379 552 469 613 esset
486 565 562 612 eam
581 560 655 627 rex,
675 544 763 613 dixit
780 546 831 611 ei:
848 546 938 611 Bene
958 545 1098 623 venisti,
1124 544 1269 610 honora·

220 665 298 731 bilis
313 665 422 750 virgo,
437 662 516 748 quia
534 661 648 729 audivi
663 661 770 727 multa
787 660 828 726 de
840 666 875 728 te
900 665 935 728 et
956 659 996 726 de
1010 661 1080 727 tuis
1096 659 1266 746 operibns

221 785 255 846 et
269 778 410 845 multum
431 775 619 842 desideravi
636 775 750 842 videre
767 776 897 842 vultum
921 780 1018 843 tuum
1039 782 1075 843 et
1100 775 1270 862 pulcritu-

220 894 330 960 dinem
343 900 436 960 tuam
450 893 579 958 mirari.
600 890 663 958 Sed
684 893 774 969 veni,
792 891 930 958 domina
946 912 1033 969 mea,
1059 890 1166 957 adora
1187 891 1267 957 deos

219 1011 472 1098 potentissimos
488 1015 523 1076 et
544 1009 592 1074 sic
607 1009 736 1095 pariter
755 1028 954 1074 coronemur
971 1009 1006 1073 in
1030 1009 1166 1073 nomine
1186 1007 1268 1073 deo·

220 1146 295 1192 rum
307 1130 515 1203 nostrorum,
528 1129 562 1193 et
574 1124 717 1213 benigne
733 1126 881 1192 vivemus
890 1145 967 1192 oum
980 1125 1122 1213 imperio
1134 1129 1265 1193 nostro.

221 1243 265 1312 Et
288 1249 407 1310 sancta
428 1241 533 1309 dixit:
558 1241 602 1308 Et
625 1241 667 1307 ad
695 1242 759 1308 hoc
788 1242 866 1308 veni
892 1243 959 1308 huc
983 1245 1022 1310 ut
1043 1238 1163 1308 tradas
1183 1241 1267 1305 mihi

219 1357 484 1425 marcescibilem
500 1376 671 1435 coronam,
695 1357 775 1443 quia
790 1357 952 1423 Dominus
974 1375 1068 1423 meus
1087 1355 1192 1423 habet
1210 1375 1267 1423 co·

221 1492 339 1539 ronam
353 1472 614 1558 pulchritudinis
629 1479 663 1540 et
683 1492 824 1559 reguum
839 1473 1031 1551 inmortale,
1047 1469 1135 1558 quod
1161 1471 1269 1537 omni·

173 1604 210 1669 10
220 1588 294 1668 bus,
305 1589 361 1674 qui
373 1589 408 1653 in
422 1607 458 1654 se
475 1586 629 1667 credunt,
643 1587 801 1656 daturum
818 1609 853 1655 se
869 1588 1037 1676 promisit.
1049 1585 1114 1654 Sed
1124 1605 1263 1665 corona,

220 1724 319 1791 quam
331 1709 371 1771 tu
395 1723 448 1769 me
460 1702 579 1770 laudas
595 1703 720 1770 habere
740 1710 775 1771 et
790 1705 873 1771 mihi
888 1703 982 1783 dare,
1005 1707 1058 1771 est
1069 1700 1154 1766 mihi
1167 1701 1264 1788 quasi

220 1816 346 1896 fenum,
364 1816 450 1903 quod
467 1818 566 1883 hodie
581 1819 734 1885 nascitur
760 1824 795 1888 et
809 1839 886 1886 oras
908 1820 944 1885 in
969 1819 1137 1885 clibanum
1152 1818 1265 1885 mitti-

221 1941 290 2013 tur,
312 1939 346 2000 et
359 1934 484 1999 arescit
507 1938 543 1999 et
566 1935 602 1999 iu
630 1935 777 2002 cinerem
801 1938 997 2015 revertitur,
1024 1940 1059 2003 et
1085 1935 1263 2022 imperium

220 2054 315 2118 tuum
338 2049 435 2136 quasi
451 2048 523 2115 dies
544 2070 612 2118 nna
632 2051 800 2137 usquead
820 2057 966 2131 noctem,
987 2056 1022 2121 et
1041 2049 1177 2138 quando
1197 2070 1264 2116 nox

220 2171 285 2244 est,
306 2184 402 2232 nemo
416 2165 480 2232 scit
498 2166 555 2231 ubi
573 2165 689 2244 vadat,
706 2168 785 2255 quia
801 2168 861 2235 lux
876 2171 1009 2235 nonest
1024 2167 1060 2232 in
1084 2185 1137 2233 eo.
1152 2166 1263 2253 Prop-

220 2287 315 2351 terea
340 2282 403 2348 hec
423 2281 498 2349 dico
521 2282 596 2362 tibi,
623 2288 660 2350 ut
685 2285 869 2352 revertaris
892 2305 912 2352 a
936 2285 992 2353 via
1016 2288 1077 2351 tua
1101 2282 1207 2362 mala,
1228 2289 1263 2350 et

220 2399 297 2465 veni
323 2403 358 2466 et
385 2398 471 2465 dabo
492 2399 555 2466 tibi
579 2419 722 2488 regnum
750 2401 836 2486 quod
863 2420 1034 2487 nunquam
1060 2397 1207 2478 deficiet,
1229 2403 1263 2464 et

221 2534 390 2600 nunquam
405 2514 543 2582 tenebre
564 2520 642 2583 sunt
656 2517 692 2581 in
706 2536 756 2582 eo.
780 2517 844 2583 Sed
863 2536 1004 2604 regnum
1019 2520 1117 2583 tuum
1132 2532 1264 2601 semper

222 2630 435 2697 maledictum
459 2636 512 2698 est
536 2633 615 2718 quia
647 2651 715 2698 non
738 2630 885 2698 comedis
909 2629 1001 2698 aliud
1032 2630 1099 2695 nisi
1123 2635 1263 2716 peccata

172 2747 406 2827 rohominum,
430 2747 488 2814 sed
509 2768 569 2834 per
593 2768 630 2814 os
653 2753 748 2815 tuum
769 2749 862 2814 exire
883 2747 986 2814 habet
1004 2745 1142 2813 flamma
1161 2748 1262 2834 ignea

223 2866 257 2929 et
275 2883 375 2949 super
393 2863 500 2952 capud
519 2871 614 2932 tuum
633 2863 740 2933 fluent
757 2863 899 2932 flumina
915 2863 1089 2932 bullientis
1108 2883 1207 2950 aque,
1227 2868 1275 2930 et⁴

222 2999 265 3044 ex
277 2979 401 3045 occulis
413 2981 482 3047 tuis
496 3000 627 3048 vermes
645 2981 772 3048 exient.

267 3096 302 3173 d.
318 3093 493 3162 Ornatam.
585 3097 615 3171 t.
634 3095 768 3164 Astitit.

271 3215 379 3280 Lectio
395 3213 586 3278 undecima.
606 3211 754 3298 Cumque
770 3213 838 3279 ista
855 3215 890 3279 et
908 3211 976 3278 alia
992 3211 1117 3279 similia
1134 3211 1262 3279 diceret

224 3337 342 3399 sancta
358 3329 467 3415 virgo,
485 3346 547 3392 rex
560 3328 669 3394 iratus
689 3333 742 3394 est
758 3327 867 3395 valde.
888 3329 1015 3396 Iterum
1030 3333 1150 3397 sancta
1168 3330 1263 3415 virgo

225 3449 296 3516 ait:
320 3447 388 3512 Gur
417 3463 484 3510 non
509 3443 593 3508 bene
618 3443 803 3508 irascerisl
831 3443 961 3510 Videbo
983 3448 1018 3512 te
1042 3443 1155 3522 modo,
1185 3443 1262 3531 quid

225 3565 308 3632 mihi
326 3561 478 3628 facturus
491 3580 527 3626 es
542 3562 680 3646 propter
700 3558 803 3645 ydola
824 3559 926 3625 surda
949 3563 984 3626 et
1001 3579 1091 3638 ceca,
1119 3580 1183 3647 que
1202 3558 1265 3626 tibi

226 3678 438 3746 abstulerunt
459 3673 584 3751 lumen,
612 3677 736 3738 utnon
757 3693 977 3762 cognosceres
994 3673 1097 3739 Deum
1121 3693 1262 3754 verum;

227 3794 285 3861 sed
306 3792 415 3860 credis
435 3791 604 3876 inpetres
628 3787 742 3854 aridas
766 3788 939 3855 hominum
962 3788 1118 3855 manibus
1141 3789 1263 3865 lactas,

177 3921 215 3989 31)
226 3909 345 3998 quibus
362 3907 506 3984 advenit
530 3905 593 3971 hec
615 3902 763 3991 perdicio
787 3908 821 3972 et
844 3904 907 3972 tibi
929 3905 1058 3990 pariter
1077 3925 1154 3972 cum
1173 3905 1263 3986 illis;

226 4029 284 4093 aut
305 4023 384 4111 quid
405 4021 500 4090 sedes
520 4022 569 4090 sic
586 4020 683 4108 quasi
699 4039 796 4087 cecus
808 4023 843 4091 et
856 4024 970 4089 mutus
990 4025 1025 4090 et
1045 4021 1183 4092 surdus.
1199 4023 1265 4091 Fac
