2790 4792
561 426 737 491 -ω-

127 571 259 644 essent,
280 567 402 661 Petrus
432 564 537 632 dixit:
564 566 792 632 Sustituamus
810 567 953 652 aliquem
975 568 1046 633 loco
1068 558 1171 646 iude,

129 687 187 771 qui
203 687 398 750 statuerunt
417 682 500 748 duos
524 683 652 749 scilicet
671 683 797 768 loseph
814 681 955 748 fratrem
977 683 995 746 J
999 681 1092 748 acobi
1110 684 1176 746 mi·

130 799 225 863 noris
250 801 285 865 et
309 797 486 864 Mathiam.
511 797 555 863 Et
577 796 697 863 cecidit
722 817 794 862 sors
824 816 924 882 super
946 796 1112 862 Mathiam
1141 800 1175 861 et

131 917 351 980 anumeratus
373 917 425 979 est
454 913 637 998 apostolus.
663 914 725 987 Qui
753 913 903 979 Mathias
924 912 1012 998 apud
1032 912 1174 979 Judeam

130 1030 312 1096 veritatem
332 1029 530 1115 Euvaugelii
555 1028 754 1114 predicavit,
778 1034 812 1095 et
832 1029 1005 1094 miraculis
1034 1029 1176 1094 chorus-

132 1145 237 1222 oavit,
256 1164 295 1211 ac
314 1144 446 1210 demum
463 1118 737 1228 crucis'patibulo
755 1162 937 1229 suspensus
954 1143 1042 1209 celos
1060 1161 1177 1208 ascen-

132 1259 197 1341 dit,
221 1260 385 1344 martyrio
406 1263 600 1325 coronatus.
622 1259 750 1345 Corpus
770 1260 842 1345 ejus
864 1261 969 1324 Rome
985 1260 1018 1323 in
1035 1258 1177 1324 ecclesia

132 1372 260 1438 Sancte
276 1372 384 1438 Maria
398 1373 536 1458 majoris
557 1373 721 1458 sepultum
742 1392 816 1438 esse
838 1371 975 1453 dicitur,
989 1370 1177 1457 ibidemque

134 1490 240 1572 caput
258 1487 363 1573 ipsius
380 1487 500 1574 populo
520 1487 783 1555 demonstratur.
803 1571 807 1580 .

470 1738 513 1784 nn
537 1738 664 1786 snucuo
688 1737 847 1786 naumann
979 1807 982 1810 .
1191 1732 1227 1795 10

182 1953 281 2017 Anno
299 1953 544 2020 incarnationis
565 1955 699 2019 Domini
708 1953 887 2031 xxxnr,
904 1953 1029 2019 Paulus
1045 1957 1079 2021 et
1094 1955 1179 2019 Bar·

134 2066 246 2133 nabas
263 2068 297 2131 in
314 2065 543 2152 predicatione
557 2068 756 2154 Euvangelii
783 2088 803 2133 a
828 2067 1101 2154 Sancto-Spiritu
1126 2089 1180 2134 se-

137 2183 339 2267 gregantur,
356 2185 390 2247 et
423 2179 577 2266 dispersa
603 2185 656 2247 est
675 2181 817 2246 ecclesia
845 2179 1075 2266 fideliumque
1107 2186 1181 2248 erat

138 2295 387 2374 iherosolimis,
410 2300 444 2361 et
458 2355 461 2359 ,
474 2294 734 2381 predicaverunt
762 2297 905 2381 apostoli
927 2295 1083 2382 gentibus
1104 2316 1181 2361 ver-

138 2410 220 2475 bum
244 2411 315 2474 Dei.
334 2410 508 2476 Barnabas
530 2411 649 2478 levites
665 2411 797 2496 Ciprius
812 2430 935 2497 genere
954 2410 1018 2476 fuit
1035 2430 1120 2487 unus
1140 2431 1183 2474 ex
1257 2453 1262 2463 ·

141 2525 360 2614 septuaginta
379 2524 508 2591 duobus
533 2524 706 2611 discipulis
721 2527 866 2592 Domini.
889 2527 1041 2590 Assensu
1068 2525 1180 2603 Pauli,

139 2641 290 2727 Cyprum
303 2641 398 2716 adiit,
417 2641 528 2726 ibique
541 2643 721 2709 veritatem
738 2641 874 2720 docens,
896 2641 1020 2708 multos
1034 2640 1075 2706 ad
1091 2642 1184 2707 veri-

140 2759 250 2824 tatem
271 2757 450 2823 convertit.
476 2733 615 2821 Domum
639 2777 659 2822 a
683 2756 799 2822 Judeis
824 2757 950 2842 ligatus
971 2761 1070 2823 extra
1100 2757 1184 2823 civi-

140 2875 250 2937 tatem
271 2870 477 2946 Salaminam
495 2870 688 2938 combustus
704 2872 906 2956 martyrium
923 2873 1181 2938 consummavit.

140 2985 398 3072 Volueruntque
415 2984 513 3050 Judei
535 3005 613 3051 ossa
630 2987 735 3073 ipsius
756 2986 908 3072 perdere,
929 2986 987 3051 sed
1013 2985 1233 3053 lohannesro

142 3121 226 3178 suus
242 3100 424 3188 discipulus
442 3103 515 3187 ipsa
532 3102 645 3187 rapuit
668 3107 703 3169 et
727 3101 911 3168 honorifice
928 3103 1093 3187 sepelivit.
1115 3102 1184 3190 Que

140 3225 294 3304 tempore
309 3218 452 3302 Zenonis
467 3218 682 3304 imperatoris
701 3224 736 3286 et
751 3218 878 3284 Gelasii
898 3238 982 3304 pape
997 3222 1074 3303 post
1090 3217 1185 3302 quin-

141 3337 265 3420 gentos
285 3353 404 3416 annos,
419 3333 558 3400 inventa
585 3332 722 3399 fuerunt
744 3353 818 3398 cum
846 3333 1044 3420 euvangelio
1076 3331 1184 3397 sancti

140 3448 287 3526 Mathai,
311 3449 399 3515 sicut
419 3449 572 3534 superius
593 3453 646 3515 est
665 3447 864 3534 predictum.
997 3540 999 3543 ι

515 3700 559 3748 DE
583 3700 710 3750 sANcro
734 3701 821 3749 LUCA

191 3917 335 3985 Sanctus
351 3918 460 3983 Lucas
487 3917 720 4004 euvangelista
746 3937 789 3981 ex
822 3917 1037 4002 septuaginta
1058 3911 1185 3983 duobus

142 4033 281 4100 Domini
298 4031 469 4118 discipulis
485 4032 562 4100 iuit.
579 4031 822 4118 Euvangelium
838 4029 966 4130 Christi
987 4034 1189 4118 conscripsit

1055 4148 1076 4212 4
