2790 4792
602 404 799 473 -279-

179 554 213 613 et
232 544 429 611 ordinamus
449 563 561 622 ueros,
594 545 716 622 certos,
748 543 918 631 legitimos
939 546 1177 631 procuratores
1192 545 1227 612 et

179 665 321 730 nuncios
341 662 502 750 speciales
518 665 664 739 actores,
682 660 842 739 factores,
864 664 1017 749 gestores
1034 680 1073 726 ac
1088 679 1227 727 monas-

180 782 343 847 teriorum
380 783 573 846 nostrorum
598 777 774 864 generales
802 781 835 844 et
857 777 1032 865 speciales,
1054 781 1224 844 eteorum

181 896 363 984 quemlibet
378 915 438 982 per
460 915 496 960 se
516 895 550 959 in
567 893 722 972 solidum,
743 895 793 960 ita
810 893 897 980 quod
915 894 1108 981 specialitas
1123 913 1226 981 gene-

179 1014 309 1081 ralitati
327 1032 393 1079 non
412 1011 550 1098 deroget
568 1031 629 1076 nec
652 1013 820 1087 econtra,
851 1011 900 1077 ita
922 1011 1024 1076 etiarn
1046 1009 1132 1096 quod
1158 1029 1225 1075 non

181 1129 226 1196 sit
256 1128 375 1193 melior
402 1126 550 1193 conditio
580 1126 776 1213 occupandi,
803 1125 859 1191 sed
886 1125 973 1212 quod
999 1147 1086 1192 unus
1111 1146 1225 1193 eorum

181 1245 357 1330 inceperit,
380 1243 467 1310 alter
479 1243 635 1330 prosequi
651 1242 764 1309 valeat
783 1247 818 1308 et
838 1241 936 1308 finire
954 1262 1028 1308 oum
1041 1240 1175 1321 effectu,
1191 1247 1226 1309 et

182 1361 375 1447 specialiter
392 1359 435 1425 ad
449 1358 666 1425 deferendum
682 1380 802 1446 corpus
823 1358 1017 1427 beatissime
1030 1358 1174 1447 virginis
1191 1363 1226 1427 et

182 1479 334 1547 martiris
353 1478 496 1565 prefate,
513 1499 587 1544 cum
602 1480 836 1565 prenominato
852 1480 1100 1565 preciosissimo
1116 1480 1226 1566 capite

181 1598 371 1664 beatissimi
385 1597 540 1684 Gregorii
557 1617 640 1684 pape
653 1595 791 1683 prelati,
819 1616 892 1661 cum
918 1596 995 1662 aliis
1016 1595 1226 1683 dignissimis

183 1713 335 1799 reliquiis
348 1712 531 1778 honorifice
551 1712 747 1790 reconditis,
762 1711 944 1780 videlicet:
971 1712 1108 1779 calicem
1129 1713 1227 1779 miri-

182 1831 242 1896 fice
270 1829 471 1896 fabricatum
501 1849 653 1906 aureum,
679 1829 714 1893 in
735 1848 800 1914 quo
822 1827 971 1894 creditur
992 1829 1225 1895 beatissimum

181 1947 339 2032 Eligium,
350 1945 610 2010 Noviomensem
625 1945 829 2030 episcopum,
840 1944 994 2010 misteria
1006 1945 1121 2011 divina
1137 1945 1226 2011 cele-

182 2063 318 2141 brasse;
345 2062 438 2140 item,
457 2060 624 2147 quandam
646 2082 775 2127 crucem
788 2060 1045 2148 deargentatam
1067 2067 1102 2129 et
1118 2061 1224 2128 deau-

184 2184 305 2256 ratam,
324 2179 357 2243 in
374 2198 439 2264 qua
454 2177 629 2245 recondita
647 2182 700 2245 est
714 2177 856 2264 quedam
875 2178 1095 2265 parciunoula
1115 2178 1224 2244 crucis

182 2295 368 2374 dominioe;
390 2295 485 2371 item,
509 2294 676 2378 quandam
702 2295 896 2383 ymaginem
917 2293 1015 2360 beate
1034 2293 1141 2359 Mario
1165 2313 1225 2360 ar-

182 2417 336 2497 genteam
367 2414 401 2476 et
430 2409 640 2488 deauratam,
669 2412 704 2475 in
734 2431 799 2496 qua
822 2412 876 2497 pie
902 2409 1052 2477 creditur
1071 2409 1112 2475 de
1134 2410 1223 2476 lacte

182 2527 329 2614 ejusdem
342 2525 440 2592 beate
465 2525 586 2604 Mario,
607 2527 762 2616 virginis,
781 2527 928 2613 aliquam
953 2530 1084 2613 partem
1104 2546 1225 2592 recon-

185 2643 298 2723 disse;
321 2642 414 2718 ilem,
444 2640 612 2726 quandam
636 2642 864 2728 capsellulam‚
896 2641 931 2706 in
956 2662 1023 2728 qua
1051 2643 1224 2710 recondite

183 2765 262 2828 sunt
283 2759 423 2844 reliquie
450 2759 670 2846 plurimorum
696 2765 907 2839 sanctorum
939 2760 1020 2826 item
1046 2759 1224 2846 qnamdam

180 2877 374 2964 ymaginem
391 2879 600 2963 argenteam,
617 2876 789 2943 inhonore
800 2877 890 2945 beati
903 2875 1049 2954 Andree,
1065 2877 1220 2962 apostoli,
1264 2930 1266 2935 .

181 2994 394 3067 fabricatam,
412 2995 524 3078 inqua
545 2993 740 3060 reconditur
758 3013 845 3061 unus
865 2992 1048 3081 digitorum
1073 2992 1223 3080 ejusdem

180 3111 271 3178 beati
288 3109 440 3189 Andree;
458 3111 551 3187 item,
570 3110 736 3196 quandam
753 3110 854 3176 aliam
866 3109 1093 3196 capsellulam‚
1110 3110 1224 3195 inqua

180 3227 377 3294 reconditur
397 3226 437 3291 de
457 3225 588 3291 ossibus
606 3226 696 3293 beati
721 3225 881 3302 Ebbonis,
905 3225 1147 3311 archiepiscopi
1162 3225 1224 3291 Se·

179 3344 362 3421 nonensis;
395 3343 489 3419 item,
516 3343 650 3409 stollam
677 3341 767 3409 beati
798 3341 904 3423 Petri,
938 3341 1101 3428 apostoli3
1126 3343 1220 3419 item,

178 3459 345 3545 quandam
362 3459 463 3525 aliam
484 3479 617 3545 capsam
635 3459 848 3546 quadratam,
867 3460 901 3524 in
930 3459 1058 3526 honore
1076 3460 1222 3525 omnium

177 3575 408 3661 apostolorum
434 3573 635 3642 fabricatam
655 3580 689 3643 et
710 3579 919 3662 argenteam,
940 3575 973 3640 in
992 3597 1058 3662 qua
1081 3576 1223 3662 reliquie

176 3691 216 3756 de
232 3689 385 3782 pluribus
413 3693 541 3758 sanctis
561 3691 790 3758 reconduntur
807 3695 842 3758 et
863 3697 1122 3766 conservantur,
1141 3711 1222 3778 por·

174 3805 279 3871 tanda
300 3824 360 3890 per
382 3806 527 3889 patriam
546 3811 581 3872 et
611 3824 753 3892 regnum
781 3804 935 3881 Francie,
961 3802 1016 3869 ubi
1041 3803 1160 3870 utilius
1186 3808 1220 3872 et

172 3920 379 3987 commodius
408 3920 480 3986 fieri
509 3923 646 4008 poterit,
668 3921 710 3988 ad
739 3941 875 3988 causam
905 3926 1022 4007 queste
1048 3921 1214 4000 faciende,

172 4058 303 4109 necnon
320 4038 582 4129 generositatem
596 4037 760 4119 inclitam,
778 4039 883 4112 vitam
900 4039 1101 4134 preclaram,
1121 4043 1219 4135 gesta
