2790 4792
599 383 797 449 -187-

394 565 569 614 anonsnns
592 565 705 613 naam
729 565 804 617 oms
833 565 906 611 xxx
931 544 1004 632 (sio)

219 708 251 771 l.
269 744 313 754 -
329 705 550 772 Kalendis—
568 706 662 772 Petri
677 671 720 772 ad
732 706 877 771 vincula.
892 684 983 773 Obiit
998 702 1213 782 Hernandus‚
1269 805 1271 807 -

171 824 370 898 celerarius,
390 842 450 909 pro
479 843 543 906 quo
567 822 670 889 habet
685 827 881 899 conventus,
906 842 1006 907 super
1028 822 1162 887 vineam
1180 821 1216 885 in

172 915 416 1015 Bello-Monte,
432 958 456 1002 x
475 957 503 1002 s.
522 959 570 1022 p.,
582 937 674 1002 xiid.
694 937 887 1013 elemosina,
902 936 949 1000 xii
966 935 998 1000 d.
1010 934 1213 1022 pulsatores.

204 1050 300 1097 Bellias
313 1052 343 1099 de
356 1050 482 1098 Ravibres.

208 1140 318 1186 Yeabiau
328 1141 353 1186 la
365 1141 477 1200 Habere,
497 1139 591 1197 lemme
608 1141 651 1196 feu
668 1140 742 1186 Belin
759 1142 790 1185 de
805 1140 923 1186 Raoieres
939 1143 1013 1184 tenet.

219 1229 252 1293 2.
266 1266 309 1275 -
322 1227 388 1292 IIII
411 1220 501 1294 Non.¹
519 1266 563 1284 ’-
583 1227 747 1294 ObIernnt
774 1226 997 1293 Constanoins
1026 1229 1060 1292 et
1083 1225 1211 1302 Annas,

172 1362 261 1407 uxor
278 1341 362 1427 ejus,
377 1361 437 1427 pno
454 1343 572 1428 quibus
586 1342 689 1408 habet
701 1345 897 1417 conventus,
917 1343 1156 1427 superterram
1174 1338 1215 1404 de

172 1457 271 1522 Valle
287 1458 402 1543 Regis,
415 1479 440 1524 v
456 1477 483 1524 s.
496 1479 544 1543 p.,
564 1459 598 1523 vi
615 1457 647 1522 d.
659 1457 853 1533 elemosina,
870 1457 903 1520 vi
918 1455 950 1520 d.
962 1455 1162 1540 pulsatorem
1181 1457 1216 1521 et

173 1576 357 1638 conventus
380 1576 493 1658 potest
520 1573 640 1637 saisire
668 1570 827 1657 qnidqnid
846 1571 975 1652 invenit
996 1590 1096 1660 snper
1121 1568 1213 1634 illam

172 1692 299 1753 ternam
320 1690 354 1752 et
369 1688 516 1753 retinere
534 1706 595 1773 pro
615 1686 747 1752 defectu
766 1686 943 1751 solutionis
956 1666 1095 1771 pecunie
1109 1705 1214 1770 usque

175 1801 216 1867 ad
238 1800 517 1868 satisfactionem.

207 1924 291 1970 Gerarl
308 1924 337 1970 de
350 1925 447 1972 Henout
464 1924 527 1971 xviii
537 1926 560 1973 d.

205 2013 329 2059 lohannes
346 2013 479 2060 Andormiz
492 2013 522 2060 de
539 2013 763 2061 Sancte-Clemente
776 2014 839 2061 xviii
857 2015 881 2062 d.

204 2099 305 2146 Etienna
318 2100 450 2147 Travaillie
463 2101 493 2148 da
504 2101 735 2150 Sancta-Clemente
751 2103 831 2150 xxviii
849 2116 899 2162 par.

206 2172 329 2235 lohannes
341 2186 371 2236 d'e
383 2189 437 2236 Soci
454 2191 480 2236 ix
496 2190 521 2240 d.
533 2204 557 2249 p.
604 2175 606 2180 ¹

204 2279 286 2322 Adam
303 2280 334 2324 de
350 2279 477 2337 Μοηὶεοη,
490 2280 553 2325 xviii
570 2281 595 2326 d.

205 2367 347 2423 Stephanus
363 2368 494 2416 alcma-
505 2369 628 2426 Paquiere
639 2371 670 2414 de
684 2369 920 2417 Sancto-Clemente
930 2371 960 2416 'ix
973 2373 998 2417 d.

216 2454 371 2520 3.-111
394 2457 482 2522 Non.
500 2494 544 2504 -
557 2458 713 2524 Inventio
730 2460 838 2525 sancti
859 2460 1032 2544 Stephani.
1047 2460 1107 2525 Ob.

218 2570 274 2635 Ob.
297 2571 330 2634 4.
353 2571 443 2635 -ΙΙ
461 2572 549 2638 Non.
566 2609 610 2619 -
625 2571 685 2638 Ob.

218 2685 277 2749 Ob.
304 2687 337 2751 5.
350 2686 527 2753 -Nonis
548 2723 592 2733 -
604 2686 664 2751 Ob.
759 2736 761 2742 .

215 2801 245 2865 6.
263 2838 307 2848 —
323 2800 406 2864 VIII
425 2801 491 2867 Yd.
512 2841 555 2850 -
574 2802 665 2870 Obiit
684 2805 702 2868 J
706 2805 856 2870 ohannes
879 2807 1106 2891 Despeniaus,
1137 2828 1210 2874 mo-

176 2916 309 2993 neonus,
321 2936 381 3001 pro
397 2904 460 3002 quo
473 2918 575 3001 habet
590 2925 792 3007 conventus.
803 2907 903 3007 super
914 2927 1024 2988 terras
1038 2922 1078 2988 de
1097 2925 1209 2990 Hunno

175 3031 231 3095 viii
246 3051 273 3096 s,
301 3036 343 3109 t..
362 3033 412 3096 xii
428 3032 460 3099 d.
480 3033 675 3099 elemosina.

202 3146 267 3193 Istud
281 3146 481 3194 anniversarium
498 3151 653 3208 computatur
666 3148 694 3195 in
706 3150 831 3196 Decembri
846 3151 905 3210 quia
916 3156 975 3198 tuno
986 3153 1106 3200 debentur
1122 3155 1208 3212 pensio

176 3245 245 3293 super
255 3237 331 3282 terras
349 3235 378 3282 de
389 3224 479 3283 Humess

214 3327 245 3388 7.
266 3360 310 3370 -
323 3323 388 3388 VII
405 3324 471 3390 Yd.
489 3362 533 3372 —
545 3325 636 3391 Obiit
648 3327 782 3406 Petrus
805 3331 997 3408 canonicus,
1015 3330 1055 3396 de
1067 3331 1208 3398 Sancto-

175 3435 242 3513 Olo,
271 3456 332 3520 pro
353 3457 418 3520 quo
440 3437 541 3504 habet
561 3446 758 3526 conventus,
775 3463 874 3530 snper
892 3445 1024 3508 vineam
1051 3444 1221 3529 elemosi÷

174 3551 258 3615 narii
275 3550 316 3615 de
329 3550 572 3629 Bello-Monte,
589 3574 610 3619 v
623 3574 650 3618 s.
669 3575 718 3641 p.,
732 3558 766 3622 vi
779 3557 1025 3636 aelemosina,
1041 3560 1075 3625 vi
1088 3558 1120 3625 d.
1131 3560 1208 3646 pul-

173 3669 309 3729 satores.

200 3776 403 3825 Elemosinarius.

209 3867 241 3931 8.
260 3905 304 3913 —
321 3866 367 3932 VI
390 3867 505 3932 Yd.-
520 3868 610 3936 Obiit
624 3872 719 3959 Milo,
737 3875 931 3952 eanonicus
949 3896 1009 3962 pro
1027 3898 1090 3962 qno
1103 3878 1205 3945 habet

171 3984 367 4057 conventus,
391 3977 490 4068 supen
508 3987 635 4050 terram
656 4007 718 4075 que
735 3991 787 4054 est
805 3992 902 4081 netno
918 3990 1144 4059 molendInam
1164 3994 1205 4061 de
