2790 4792
578 384 777 452 -210-

205 529 258 592 17.
275 562 319 573 -
337 525 419 591 XVI
435 525 514 591 Kal.
537 560 582 576 -
600 524 694 595 Obiit
712 524 902 614 Stephanus
917 525 960 592 de
974 527 1115 593 ‘l'aloam
1139 544 1190 613 pro

158 667 222 731 quo
232 645 332 713 babet
345 656 543 729 conventus,
558 653 794 735 superterram
803 645 968 710 Droconis
980 643 1023 710 de
1035 645 1186 720 Minoaut,

156 765 214 828 uiii
232 783 311 849 sp„
328 764 378 828 xii
393 761 426 828 d.
442 764 637 840 elemosina,
655 765 705 829 xii
726 761 760 828 d.
781 759 987 848 pulsatores,

201 878 284 945 Item
300 877 383 946 obiit
400 880 566 946 Henricus
589 878 761 957 Gasteble‚
782 878 891 954 miles,
922 895 986 963 pro
1007 897 1075 963 quo
1101 873 1187 940 debet

155 994 373 1076 lufirmarios,
385 1017 485 1084 super
498 996 645 1063 modium
658 1016 763 1062 avene
778 993 866 1081 quod
878 994 1024 1080 percipit
1036 992 1123 1080 apud
1137 991 1188 1055 To

154 1111 353 1197 rtgnIucum,
371 1133 436 1178 vs.
458 1135 507 1200 p.,
529 1114 564 1178 ui
577 1112 610 1178 d.
636 1113 828 1194 elemosine,
847 1112 882 1177 si
898 1111 933 1178 d.
953 1109 1184 1198 pulsatoribus.

199 1227 284 1295 Item
298 1226 381 1295 obiit
394 1227 577 1294 (laufridus
593 1229 706 1307 Esrot,
732 1228 841 1301 miles,
864 1247 926 1314 pro
949 1247 1016 1314 quo
1031 1225 1129 1292 debet
1141 1224 1187 1289 iu-

156 1340 338 1421 firmarius,
358 1364 458 1431 super
471 1362 608 1410 censum
623 1343 664 1410 de
678 1343 1000 1430 Campo-Drocouis,
1016 1365 1040 1411 v
1052 1364 1081 1409 s.
1098 1364 1142 1430 p.,
1157 1339 1183 1406 vi

154 1457 187 1523 d.
208 1458 401 1537 elemosine,
422 1460 455 1524 vi
475 1458 508 1524 d.
532 1457 773 1544 pulsatoribus

188 1574 275 1641 Item
285 1573 370 1642 obiit
379 1574 493 1661 Symo,
508 1573 706 1653 menachus,
715 1593 777 1659 pro
789 1593 853 1659 quo
862 1572 962 1642 debet
972 1573 1181 1646 infirmarius,

152 1711 253 1777 super
271 1690 417 1758 modium
441 1690 601 1756 frumenti
624 1689 712 1774 quod
726 1691 869 1776 percipit
889 1689 978 1777 apud
997 1687 1180 1776 Serviguia-

151 1827 239 1885 cum,
264 1808 301 1872 ix
320 1828 349 1873 s.
366 1829 414 1895 p.,
430 1809 465 1873 ui
479 1806 513 1873 d.
527 1806 709 1871 elemosine
720 1812 756 1873 et
773 1807 808 1873 vi
823 1804 856 1872 d.
871 1807 1115 1893 pulsatoribus.

182 1923 346 1971 infirmarius.
684 1947 690 1955 ·

197 2016 250 2080 18.
263 2049 302 2065 ·-
321 2015 385 2079 XV
400 2015 478 2080 Kal.
495 2051 538 2062 -
553 2013 655 2090 Luce,
670 2011 892 2099 evangeliste.

196 2131 248 2196 19.
267 2165 312 2180 -
327 2131 431 2198 XIIII
446 2130 523 2196 Kal.
545 2166 589 2177 -
605 2127 804 2196 Sanctorum
822 2128 999 2195 Saviniani
1015 2134 1051 2195 et
1066 2128 1180 2194 Poten-

151 2248 253 2313 ciani.

193 2364 250 2431 20.
266 2402 311 2414 -
324 2365 411 2431 XIII
429 2364 508 2430 Kal.
527 2396 572 2413 -
591 2359 654 2426 Ob.

193 2481 249 2546 21.
270 2517 308 2532 -
318 2481 386 2545 XII
399 2478 525 2545 Kal-
535 2474 834 2561 ObieruntSymou
846 2481 881 2545 et
892 2480 1063 2566 magistra
1076 2482 1179 2552 Berte,

148 2615 210 2684 pro
232 2595 351 2683 quibus
373 2595 476 2663 habet
496 2598 679 2661 conventus
696 2592 732 2656 in
754 2594 930 2660 territorIo
955 2595 998 2661 de
1018 2597 1129 2663 Home
1142 2592 1182 2660 vii

148 2717 290 2796 arpenta
313 2717 404 2777 terre
427 2732 490 2797 que
512 2708 649 2775 fuerunt
669 2704 819 2774 defuncti
838 2708 1016 2776 Vincencii
1036 2710 1078 2777 de
1098 2709 1178 2777 Sali-

151 2848 283 2912 guraco.

194 2944 277 3009 item
303 2963 364 3030 pro
394 2942 520 3010 eisdem
539 2940 641 3006 habet
658 2943 861 3020 conventus,
880 2960 981 3026 super
1005 2943 1136 3009 vineam
1151 2939 1181 3004 iu

151 3058 384 3140 Bello-llonte,
401 3081 448 3125 xv
463 3079 491 3124 s.
513 3065 540 3126 t.

181 3165 339 3224 Compututur
352 3168 380 3213 Iu
394 3167 529 3213 Decembri.

180 3246 265 3291 Petrus
280 3247 342 3293 leste
355 3261 380 3292 v.
393 3261 415 3299 s.
425 3272 457 3282 —
473 3246 633 3294 Babeleexd.

180 3335 293 3382 clerncna
302 3338 333 3381 de
347 3336 458 3383 Trennes
470 3341 544 3382 tenet.
558 3360 588 3370 -
603 3335 720 3385 Michael,
733 3333 803 3388 filine
817 3337 892 3378 tenet.

192 3425 248 3491 22.
271 3464 314 3473 -
334 3428 385 3493 XI
403 3426 481 3492 Kal.
504 3463 547 3477 -
578 3425 669 3492 Obiit
687 3422 890 3501 HersandIs,
916 3443 1004 3490 uxor
1031 3423 1176 3491 Guiberti

150 3541 190 3607 de
214 3541 332 3619 Cruce,
361 3563 422 3629 pre
434 3562 500 3628 qua
523 3539 627 3607 babet
640 3547 824 3606 conventus
839 3538 926 3624 apud
939 3539 1173 3628 SalignIacum,

150 3677 249 3744 super
277 3664 405 3725 terram
438 3660 538 3725 sitam
569 3658 672 3744 juxta
700 3661 829 3722 terram
863 3653 1014 3723 defuncti
1045 3657 1174 3731 Odonis,

25 3810 30 3822 ·
150 3773 338 3852 senescalli,
359 3774 410 3838 iiii
429 3794 458 3840 s.
474 3775 509 3840 vi
525 3773 560 3840 d.
576 3793 649 3860 par.

178 3887 260 3932 Petrus
275 3887 363 3937 Pintat.

177 3974 243 4019 filia
256 3977 324 4022 Petri
344 3977 438 4038 Pintat,
462 3976 566 4035 Sabina,
585 3989 650 4022 uxor
664 3976 838 4034 Hidesmarie,
854 3982 920 4024 tenet
940 3980 980 4025 ecl
997 3984 1089 4026 mater.
1105 4001 1134 4015 -
1148 3975 1172 4020 ln

148 4066 286 4112 marcbello
299 4070 424 4114 moratur.
444 4066 532 4114 Vacat.

15 4344 214 4514 ἢ
