2790 4792
580 434 778 508 ἰ’-89-

157 585 269 651 nostri
293 582 423 650 cenobii
442 583 581 671 negocia
603 583 734 651 utiliter
757 583 973 673 regebantur.
997 587 1067 653 Iste
1092 584 1195 652 abbas

157 699 338 786 quamdam
355 699 489 766 domum
508 719 627 766 novam
644 699 731 786 apud
744 701 914 769 Paretum
934 700 1015 769 fecit
1029 706 1064 768 et
1086 700 1195 787 quod·

156 815 235 881 dam
262 814 493 902 appendicium
524 813 610 900 apud
635 815 899 903 Servigniacum.
929 816 1113 892 Quamdam
1135 816 1195 882 do-

154 952 250 996 mum
266 930 353 1018 apud
373 931 523 1016 Arceyas
549 928 704 997 edificare
730 932 818 1018 cepit
841 951 940 1017 quam
956 952 1022 998 non
1037 931 1191 1019 perfecit.

151 1047 256 1133 Apud
280 1047 313 1112 M
317 1047 462 1132 alleyum
480 1047 707 1124 vicecomitis,
723 1067 783 1134 per
799 1047 1024 1114 venditionem
1040 1046 1190 1114 defuncti

154 1163 340 1229 Laurencii
352 1160 392 1227 de
408 1162 567 1229 Seinvilla
581 1162 770 1249 presbiteri,
784 1162 961 1249 quamdam
973 1162 1106 1228 domum
1120 1184 1194 1229 cum

156 1276 359 1366 quibusdam
375 1278 632 1365 appertinentiis
647 1296 707 1344 suo
722 1282 872 1365 tempore
888 1281 1039 1344 nostrum
1057 1297 1194 1344 monas-

150 1396 282 1462 terium
295 1395 485 1481 acquisivit.
506 1392 596 1461 Obiit
607 1413 687 1461 vero
703 1395 793 1461 circa
806 1413 930 1461 annum
938 1393 1070 1461 Domini
1086 1396 1131 1460 M.
1144 1394 1195 1461 CC

154 1510 400 1598 octogesimum
427 1530 551 1576 nonum
570 1514 604 1577 et
624 1511 659 1575 in
682 1510 828 1597 capitulo
855 1529 876 1576 a
901 1510 1049 1579 sinistris
1071 1511 1194 1597 prioris

157 1627 310 1693 sedentis
330 1625 479 1712 sepultus
495 1625 572 1692 fuit.
591 1627 701 1711 Ipsius
718 1627 831 1692 anima
848 1627 1243 1714 requiescatinpace.10

156 1742 241 1808 Pius
261 1741 336 1824 fuit,
356 1742 617 1829 benignissimus
633 1747 667 1809 et
683 1743 828 1827 quietus.

202 1858 220 1922 J
223 1876 362 1924 nocuus.
380 1857 444 1922 Hic
458 1855 522 1922 fuit
537 1855 577 1922 de
592 1856 853 1943 champigniaco
864 1858 899 1920 in
912 1858 1004 1936 Bria,
1023 1856 1198 1923 thesaura·

155 1974 229 2039 rius
250 1973 351 2060 hujus
364 1973 440 2051 loci,
455 1978 652 2060 procurator
668 1978 702 2040 et
714 1974 810 2058 quasi
827 1972 1003 2060 coadjutor
1017 1964 1197 2060 predeces-

159 2090 247 2155 soris
268 2090 332 2168 sui,
360 2082 446 2156 sicut
470 2089 698 2176 supradictum
720 2094 784 2166 est,
809 2087 885 2156 fuit.
911 2090 977 2154 Per
995 2090 1084 2155 viam
1101 2110 1198 2156 scru-

150 2205 247 2282 tinii,
265 2204 462 2291 quibusdam
484 2210 598 2272 tamen
620 2205 943 2284 contradicentibus,
964 2206 1089 2275 electus
1117 2206 1194 2274 fuit.

158 2320 219 2395 Qui
236 2319 505 2387 contradicentes
528 2319 741 2408 postmodum
761 2322 796 2385 in
815 2323 924 2407 ipsum
950 2322 1139 2389 voluntarie
1163 2329 1198 2392 et

155 2457 301 2502 assensu
323 2437 564 2524 benignissimo
590 2443 852 2510 consenserunt,
885 2443 920 2505 et
951 2438 1087 2504 tandem
1115 2441 1196 2527 ipsis

161 2552 371 2638 presentibus
401 2556 436 2618 et
463 2553 753 2620 consencientibus
779 2573 838 2639 per
865 2538 1021 2619 domnum
1043 2554 1195 2620 Gilonem

162 2667 341 2735 secundum
365 2669 401 2733 in
425 2667 563 2735 abbacia
581 2669 696 2736 Sancti
711 2669 873 2735 lobannis
893 2669 1096 2735 Senonensis
1121 2691 1195 2736 con·

161 2783 314 2851 firmatus
337 2783 414 2863 fuit,
444 2790 478 2852 et
502 2784 589 2873 apud
618 2786 813 2850 Ferraerias
836 2784 1018 2871 pontificali
1036 2784 1241 2852 benedic-20

160 2901 251 2966 tione
273 2901 309 2965 in
325 2900 529 2987 parrochiali
555 2900 696 2965 ecclesia
711 2899 917 2966 benedictus.
943 2900 1040 2964 Anno
1062 2901 1194 2966 Domini

163 3018 207 3082 Μ0
225 3017 292 3084 00⁰
314 3018 517 3104 octogesimo
543 3036 643 3094 nono,
667 3015 774 3082 indie
799 3016 1015 3081 Ascensionis
1044 3017 1189 3096 Domini,

163 3153 235 3200 oum
261 3133 375 3201 debita
392 3134 582 3209 reverentia
604 3137 638 3199 et
660 3132 786 3199 honore
814 3132 1043 3218 sollempniter
1066 3137 1119 3197 est
1143 3151 1192 3194 ro·

163 3256 286 3335 ceptus.
309 3250 407 3316 Hunc
419 3250 506 3314 Deus
525 3248 595 3313 suis
617 3246 759 3315 subditis
773 3252 949 3315 conservet
966 3266 1025 3332 per
1039 3251 1189 3331 tempora

164 3363 326 3452 longiora.

194 3477 348 3534 lohannes
360 3477 398 3535 de
409 3477 603 3534 Tricheriaco
613 3478 660 3551 ll).
679 3477 764 3534 Obiit
785 3478 876 3534 1324.

196 3575 349 3633 lohannes
367 3576 405 3632 de
424 3575 570 3632 Parisius.
593 3576 647 3632 Ob.
669 3577 762 3633 1338.

192 3736 285 3802 (lilios
298 3737 422 3786 nomsdss
434 3738 517 3795 ebbds,
534 3737 636 3798 dpartir
647 3739 677 3787 de
686 3742 816 3787 dobannes
832 3743 862 3786 de
882 3741 1040 3788 Tricltertaco
1052 3738 1154 3799 J'usqu'd
1170 3739 1194 3786 lu

165 3825 273 3875 tudela
287 3828 350 3886 lists,
364 3829 408 3873 ont
418 3828 455 3873 tte
465 3828 558 3886 ajoutts
567 3841 611 3887 par
632 3829 740 3876 diverses
755 3830 846 3887 moins,
866 3831 899 3877 du
915 3837 958 3876 xv⁰
971 3843 1003 3877 uu
1018 3837 1090 3877 xum·
1111 3829 1193 3876 sidcle.

166 3916 204 3963 Les
216 3929 331 3977 passages
346 3915 474 3975 imprimes
483 3928 515 3964 en
526 3916 640 3976 italiques
656 3922 711 3964 sont
726 3918 768 3965 des
784 3916 907 3966 additions
917 3919 951 3966 du
963 3926 1037 3966 xv111'
1050 3919 1133 3968 sitcle.
1144 3920 1189 3967 Les

166 4019 231 4055 noms
243 4006 381 4063 desubter,
394 4003 482 4065 depuis
500 4007 630 4053 Johanneo
649 4009 680 4053 de
703 4007 861 4054 Tricheriaco
884 4006 985 4067 J‘usqu’d
997 4010 1123 4057 oliverius
1139 4012 1190 4057 Ga-

166 4099 236 4157 binii,
250 4099 308 4145 sont
319 4095 396 4144 d'unc
408 4096 487 4143 meme
498 4094 576 4154 mein,
593 4095 623 4142 de
640 4096 664 4142 le
673 4094 708 4145 ilu
726 4097 759 4144 du
774 4103 818 4144 xv*
827 4096 908 4143 siecle.
