2790 4792
684 405 862 471 ..23-

253 549 406 616 timentis
423 545 586 614 babemus
605 550 837 635 portiunculas
856 570 940 634 quas
955 550 1138 618 honorilice
1157 572 1301 618 couscr-

251 682 383 730 ramus.

539 931 583 980 ns
605 930 832 980 vics'rlmcnms
855 929 1007 979 EJUSDEM

298 1141 396 1209 Anno
411 1140 454 1209 ab
468 1141 702 1208 incarnatione
718 1141 849 1207 Domini
875 1141 925 1206 M·
937 1139 1156 1226 nonagesimo
1176 1139 1297 1224 quinto

255 1256 394 1326 inventa
424 1256 490 1323 fuit
519 1256 660 1341 quedam
688 1257 902 1341 partiuncula
929 1255 970 1320 de
1001 1255 1206 1320 vestimento
1234 1234 1297 1319 Dei
1347 1312 1349 1315 .

254 1373 430 1462 genitricis
444 1373 588 1458 virginis
603 1372 711 1438 Maris
728 1373 763 1436 in
778 1371 921 1456 quodam
937 1371 1062 1436 scrinio
1086 1370 1121 1434 in
1139 1389 1204 1454 quo
1219 1374 1297 1436 erat

254 1487 361 1573 capud
375 1487 465 1554 beati
480 1486 634 1573 Gregorii
646 1506 720 1551 cum
737 1485 1075 1572 superscriptionibus
1086 1482 1151 1550 fide
1165 1484 1293 1570 dignis,

255 1603 290 1666 et
318 1604 435 1686 postea
463 1599 548 1665 bone
576 1601 735 1666 memorie
759 1599 900 1666 domnus
925 1598 1109 1665 Gaufridus
1128 1598 1233 1665 abbas
1260 1599 1295 1662 in

254 1713 397 1800 quadam
418 1713 534 1782 tabula
553 1734 658 1800 parra
676 1719 838 1801 argentea
856 1719 890 1782 et
907 1714 1095 1781 cristallina
1104 1713 1211 1800 jussit
1230 1693 1296 1779 ho-

209 1826 394 1895 10norillce
411 1830 615 1895 conservari.

577 2080 621 2127 DE
646 2079 795 2128 CAPILLIS
818 2079 969 2131 EJUSDEM

300 2287 382 2356 Cum
396 2286 496 2356 beata
510 2288 622 2356 Maria
636 2293 746 2355 mater
757 2288 818 2354 filii
832 2290 891 2354 Dei
900 2291 972 2357 vivi
985 2295 1019 2357 et
1031 2290 1128 2377 virgo
1140 2295 1215 2354 cum
1228 2291 1297 2356 vir·

254 2401 388 2492 pinibus
425 2407 627 2482 moraretur,
661 2404 811 2489 uirgines
844 2402 1060 2470 devotissime
1092 2404 1133 2469 de
1161 2405 1295 2491 capillis

255 2517 360 2605 ipsius
374 2515 582 2605 collegerunt
594 2523 713 2585 etcum
729 2520 819 2583 omni
829 2519 1019 2584 reverentia
1031 2518 1292 2585 conservabant.

165 2679 168 2687 ·
254 2633 301 2701 De
318 2631 436 2719 quibus
458 2633 589 2719 capillis
616 2633 777 2699 habemus
800 2633 960 2718 reliquias
984 2654 1058 2699 cum
1075 2634 1227 2718 reliquiis
1253 2634 1295 2698 de

253 2747 454 2814 vestimento
470 2747 506 2812 in
522 2746 638 2814 eadem
657 2749 777 2815 tabula
793 2754 1022 2816 conservatas.

597 2993 641 3042 nn
664 2995 772 3044 LAGTE
794 2995 947 3043 museum

297 3203 517 3290 Supmdictus
537 3202 640 3270 abbas
656 3203 742 3272 boue
756 3206 914 3270 memorie
931 3203 1115 3271 Gaufridus
1131 3204 1294 3289 reliquias

253 3319 295 3388 de
310 3319 399 3388 lacte
414 3322 530 3386 nostre
546 3320 685 3387 Domine
699 3318 856 3401 decenter
878 3320 986 3386 voluit
1005 3321 1040 3383 in
1056 3318 1195 3384 vasculo
1212 3319 1296 3382 cris·

206 3440 245 3505 20
254 3435 375 3505 talliuc
389 3437 426 3502 et
443 3438 605 3521 argenteo
619 3434 786 3500 collocari.
805 3434 851 3499 De
864 3433 1056 3519 hujusmodi
1072 3435 1160 3499 lacte
1175 3433 1295 3498 dicunt

252 3548 389 3636 quidam
405 3545 493 3634 quod
511 3548 547 3613 in
564 3547 708 3634 quodam
723 3549 930 3613 monasterio
949 3548 1119 3633 virginum
1141 3546 1228 3631 quod
1252 3545 1295 3611 de

252 3660 438 3731 Sardeuaio
457 3666 598 3730 vocatur
620 3668 673 3730 ost
694 3682 818 3749 ymago
838 3661 937 3727 beate
954 3663 1062 3726 blarie
1085 3662 1229 3746 virginis
1259 3667 1295 3728 et
1380 3699 1383 3703 >

253 3778 374 3845 matris
386 3776 445 3845 Dei
460 3775 567 3844 illium
579 3797 676 3844 suum
687 3779 838 3846 tenentis
851 3782 886 3844 et
900 3779 997 3861 quasi
1013 3775 1083 3840 filio
1099 3776 1202 3841 ubera
1218 3798 1295 3861 por-

254 3888 420 3978 rigentis3
449 3891 607 3979 equibus
645 3891 803 3959 uberibus
830 3891 1030 3957 miraculose
1062 3890 1173 3956 oleum
1207 3894 1296 3960 exiit

255 4003 341 4098 quod
367 4005 607 4099 aquibosdam
640 4007 693 4074 lec
722 4006 917 4085 uocabatur,
950 4005 1029 4094 quia
1063 4004 1107 4071 ab
1134 4004 1296 4077 uberibus

75 4258 327 4488 Λ
411 4488 416 4503 ,
