2790 4792
584 401 761 468 ..87-

150 545 249 613 aulas
259 545 301 611 de
313 543 502 610 infirmaria
516 563 591 610 cum
603 543 733 611 duabus
746 543 834 610 aulis
844 542 886 609 ad
899 543 1049 630 hospites
1057 540 1193 609 abbatis

149 666 186 731 et
207 682 281 728 cum
299 659 444 748 quadam
459 665 557 749 parte
580 660 770 729 dormitorii
786 661 964 728 renovavit
983 657 1193 725 lambrossiis

151 784 186 847 et
205 779 361 865 picturis.
378 780 461 844 Tres
481 797 633 845 cameras
645 798 751 846 noras
769 776 955 843 infirmarie
974 797 1048 843 cum
1066 797 1193 863 appen-
1285 774 1289 787 '

150 895 262 976 diciis,
290 893 444 961 torcular
475 913 549 959 cum
574 893 672 961 domo
700 913 788 961 nova
816 893 970 980 desuper,
996 892 1192 981 granchiam

149 1010 195 1077 ad
219 1010 331 1076 fenum
346 1030 466 1077 novam
481 1029 556 1076 cum
577 1010 719 1077 stabulis
735 1011 826 1076 inter
845 1008 969 1076 dictam
993 1009 1190 1096 granchiam

150 1131 186 1194 et
204 1124 330 1193 dictum
345 1124 509 1203 torcular,
534 1124 641 1192 altum
662 1124 818 1191 horreum
836 1144 958 1191 novum
974 1145 1048 1191 cum
1066 1144 1190 1213 magno

149 1243 383 1332 promptuario
408 1241 536 1321 subter,
564 1262 733 1309 cameram
751 1243 979 1309 elemosinarii
996 1241 1039 1309 ad
1058 1246 1190 1329 portam

150 1364 188 1426 et
202 1376 370 1424 cameram
390 1376 493 1444 prope
507 1376 582 1423 cum
597 1358 740 1423 cameris
755 1357 908 1447 desuper,
930 1358 1106 1444 coquinam
1129 1357 1192 1425 ab·

148 1475 242 1542 batis
267 1493 389 1540 novam
406 1493 480 1539 cum
498 1473 704 1562 appendiciis
728 1475 824 1541 novis
850 1478 885 1541 et
910 1473 1132 1561 dispensaria,
1156 1480 1192 1544 et

149 1590 286 1659 domum
301 1590 391 1658 sedis
410 1590 574 1678 prepositi
594 1609 716 1658 novam
734 1592 885 1659 construi
905 1591 985 1658 fecit
1005 1591 1191 1679 sumptibus
1203 1585 1241 1649 10

149 1711 186 1775 et
202 1707 327 1773 labore.
352 1706 469 1773 Muros
491 1704 640 1785 abbacie,
665 1707 722 1793 qui
741 1711 842 1773 antea
858 1712 956 1774 erant
974 1707 1065 1774 bassi
1080 1713 1115 1776 et
1131 1707 1191 1775 de·

149 1824 249 1903 biles,
272 1827 310 1890 ut
331 1826 484 1910 apparet,
505 1808 566 1909 per
588 1823 766 1890 circuitum
792 1824 979 1893 renovavit.
1003 1825 1124 1891 Domus
1150 1825 1190 1890 dc

150 1941 323 2019 Bessiaco,
346 1938 387 2006 de
401 1939 559 2016 ciconiis,
578 1938 618 2004 dc
634 1939 851 2026 Servigniaco
876 1945 910 2007 et
932 1938 973 2005 de
997 1940 1122 2008 Pareto
1136 1942 1190 2007 vel

149 2074 194 2121 cx
228 2072 314 2121 novo
342 2055 495 2120 construi
525 2053 607 2122 fecit
631 2054 685 2122 vel
714 2056 894 2134 renovari,
925 2061 1066 2142 excepta
1091 2056 1189 2123 domo

150 2188 250 2258 quam
267 2168 370 2237 abbas
383 2170 508 2257 symon
525 2170 599 2236 fieri
612 2170 693 2239 fecit
708 2169 797 2259 apud
812 2171 985 2250 Paratum,
1002 2177 1037 2239 et
1050 2179 1188 2260 excepto

149 2286 347 2374 appendicio
383 2285 424 2352 de
461 2286 678 2374 Servigniaco
715 2307 791 2353 cum
828 2288 893 2355 hoc
925 2287 1010 2375 quod
1045 2288 1187 2355 domnus

148 2401 296 2470 Jacobus
326 2401 368 2468 de
380 2401 643 2491 champigniaco
669 2405 706 2469 in
725 2404 817 2482 Bria,
840 2409 957 2472 noster
970 2404 1086 2483 abbas,
1104 2403 1186 2473 fecit

147 2522 224 2589 fieri
242 2520 331 2608 apud
345 2519 510 2588 ciconias.
534 2522 712 2589 Predictus
727 2521 832 2589 abbas
848 2523 1030 2590 Gaufridus
1047 2544 1185 2611 posses·

148 2639 261 2706 siones
277 2636 439 2724 quasdam
458 2639 493 2703 in
509 2638 688 2724 parrochia
700 2637 742 2704 de
757 2638 921 2707 Pontibus
938 2660 1038 2726 super
1050 2642 1182 2708 Youam

149 2754 231 2823 emit
261 2773 323 2841 pro
349 2772 410 2821 suo
437 2754 671 2840 anniversario
700 2753 865 2822 faciendo.
890 2755 981 2823 Obiit
1010 2778 1090 2824 vero
1118 2754 1236 2826 v1⁰20

149 2868 323 2936 Kalendas
340 2871 481 2954 depasti
499 2868 545 2960 (1)
561 2871 596 2936 iu
612 2871 665 2937 die
682 2871 815 2959 Septem
837 2873 1079 2941 Dormientium
1095 2894 1184 2943 anno

150 2989 283 3056 Domini
303 2989 355 3054 Μο
376 2987 443 3055 00⁰
461 2988 665 3077 octogesimo
689 2989 809 3075 primo,
833 2988 962 3075 fuitque
985 2991 1075 3059 inter
1103 2993 1184 3060 cho·

149 3124 222 3170 rum
245 3103 485 3171 monachorum
502 3109 536 3172 et
553 3103 690 3192 gradus,
707 3125 768 3194 per
788 3125 870 3191 quos
889 3106 931 3171 ud
953 3106 1061 3175 altere
1076 3110 1184 3197 majus

149 3219 355 3299 ascenditur,
382 3218 581 3288 tumulatus.
603 3220 714 3307 Ipsius
735 3221 848 3288 anima
866 3221 902 3286 in
926 3242 1008 3311 pace
1021 3230 1184 3311 perpetua

148 3338 349 3424 requiescat,
365 3356 473 3404 amen.

189 3472 314 3523 armon.
332 3454 396 3520 Hic
410 3453 476 3522 fuit
489 3453 530 3520 de
541 3453 701 3520 Caroloco
716 3455 751 3519 in
772 3456 980 3544 Burgundia,
998 3457 1051 3525 vir
1063 3478 1183 3547 magne

148 3570 399 3657 generositatis,
416 3571 560 3657 simplex
575 3574 610 3639 et
624 3571 745 3639 mittis.
766 3571 833 3638 Per
846 3578 988 3640 mortem
1008 3574 1093 3640 bone
1112 3595 1184 3641 me-

147 3689 250 3754 morie
270 3687 383 3753 domni
404 3686 571 3766 Gaufridi,
595 3692 711 3755 nostro
739 3691 945 3756 monasterio
962 3691 1109 3777 pastoris
1127 3688 1183 3757 s'o-

173 3962 210 4028 (l)
226 3964 259 4014 Ge
274 3965 355 4014 mota
370 3964 406 4014 ete
422 3964 503 4024 ajoute
523 3977 568 4026 par
588 3965 613 4014 lu
631 3965 710 4016 mdme
726 3968 795 4016 main
809 3968 853 4029 qui
867 3983 882 4017 a
898 3967 943 4018 luit
961 3970 996 4018 les
1011 3972 1133 4021 additions
1149 3987 1181 4025 uu

149 4055 275 4121 culdoguc
289 4053 334 4106 des
347 4053 460 4122 tvtques.
478 4056 515 4109 ou
528 4055 594 4109 arsit
609 4057 709 4111 d'ubord
722 4057 781 4108 ecrit
794 4071 838 4125 pur
850 4072 933 4113 crreur
946 4062 1028 4116 lunii.
