2782 4786
501 393 699 461 -lll-

101 540 164 605 mit.
192 540 233 605 Et
259 539 375 605 statim
394 538 502 623 aperti
525 538 603 601 sunt
626 535 730 600 occuli
758 553 884 612 eorum,
911 540 945 601 et
964 535 1114 602 videntes

100 654 302 722 laudaverunt
326 654 513 735 Dominum,
549 656 583 719 et
610 651 771 737 baptizati
798 656 877 717 sunt
902 670 1017 716 omnes
1038 672 1112 717 oum

101 791 245 858 regesne.

135 892 162 964 d.
178 888 263 953 Veni
279 888 399 952 electa.

134 1003 227 1068 tectio
243 1006 399 1085 septimo.
415 998 497 1065 Cum
517 1003 628 1065 eutem
645 1003 741 1085 virgo
758 998 857 1065 beata
873 999 1013 1065 vidisset
1027 998 1113 1084 quod

102 1113 239 1202 baptizati
258 1123 385 1196 essent,
411 1115 562 1189 ordinari
588 1114 651 1181 feci
678 1117 862 1202 episcopos,
882 1115 1112 1202 presbyteros,

103 1229 236 1300 diaconos
265 1237 300 1300 et
327 1231 559 1299 subdiaconos.
584 1233 719 1300 Etcum
737 1235 950 1319 processione
974 1235 1116 1300 intravit

105 1344 130 1410 in
146 1350 295 1437 templum
319 1348 500 1427 Anthemii,
526 1352 560 1416 et
587 1347 674 1417 fudit
704 1368 832 1436 aquam!
849 1348 1056 1416 benedictam
1081 1355 1116 1416 et

104 1461 190 1532 oleum
208 1466 449 1542 exorcizatum,
475 1470 510 1531 et
531 1463 715 1533 insufflavit
730 1466 765 1530 in
783 1470 930 1534 statuam
949 1466 1115 1534 Arthemii

103 1581 129 1642 et
142 1579 239 1650 dixit:
260 1581 354 1649 Sicut
368 1580 444 1649 fluit
461 1600 539 1647 cera
554 1601 574 1646 a
591 1579 677 1647 facie
696 1582 798 1668 ignis,
818 1583 866 1648 sic
880 1582 992 1648 omnia
1011 1583 1116 1648 simu·
1128 1590 1163 1655 10

102 1687 176 1764 lucra
196 1700 413 1765 demonorum
438 1699 637 1784 liquescant.
656 1699 699 1765 Et
716 1700 831 1766 statim
849 1700 1016 1767 inmutata
1039 1702 1118 1766 sunt

101 1805 171 1880 sicut
180 1816 302 1902 pulvis,
321 1819 356 1881 et·
372 1814 526 1880 demonia
542 1814 700 1881 exiebant
718 1835 738 1880 a
756 1815 870 1882 multis
890 1814 1070 1883 clamentia
1084 1819 1118 1883 et

98 1916 250 1996 dicencia:
275 1929 359 1997 Ove
380 1929 488 2007 nohis,
507 1931 585 2015 quia
605 1931 686 1996 victi
708 1951 822 1996 sumus
844 1951 903 2017 per
919 1950 1019 1996 unam
1042 1951 1118 1994 mu·

96 2028 209 2112 fierem.
232 2047 358 2113 Sancta
376 2046 510 2111 Venere
532 2046 729 2133 increpabat
744 2067 815 2124 eos,
832 2047 970 2113 dicens:
992 2046 1118 2112 Obmu-

92 2146 211 2240 tescite,
228 2163 358 2228 inimici
371 2163 443 2240 Dei,
462 2167 496 2229 et
511 2160 588 2228 date
605 2161 714 2228 locum
730 2170 764 2229 et
781 2164 941 2229 honorem
957 2163 1024 2229 Deo
1040 2163 1117 2228 vivo

86 2269 120 2332 ei
144 2298 216 2345 vero
235 2284 270 2347 et
287 2279 393 2345 Jhesu
415 2278 563 2359 Christe,
584 2277 654 2345 fllio
671 2280 755 2366 ejuS,
779 2285 813 2347 et
832 2281 880 2347 ite
907 2281 942 2345 in
965 2279 1117 2346 adversis

80 2393 232 2462 nauibus
247 2397 282 2462 in
300 2394 433 2462 deserto
454 2396 539 2475 loco,
557 2396 613 2461 ubi
634 2417 803 2482 nunquam
820 2398 989 2463 hominem
1001 2416 1118 2463 noceo·

77 2493 141 2576 tis,
156 2513 246 2579 Tunc
261 2512 472 2578 consecravit
490 2531 605 2578 omnes
626 2513 660 2577 in
678 2511 742 2580 fide
756 2512 897 2591 Christi,
915 2516 949 2579 et
962 2512 1011 2579 ait
1026 2511 1111 2577 illis:

71 2603 188 2706 Stare,
203 2634 238 2696 et
251 2627 396 2695 firmiter
409 2632 522 2696 tenete
531 2627 630 2695 fldem
645 2628 786 2709 Christi,
800 2630 878 2716 quia
890 2649 942 2694 me
963 2634 1118 2716 opportet

65 2718 133 2807 ¹⁸¹'e
147 2745 188 2810 ad
208 2746 312 2811 alium
330 2764 486 2833 gregem,
504 2747 584 2831 quia
607 2750 686 2812 sunt
706 2747 778 2811 sine
793 2749 940 2831 pastore,
963 2748 997 2812 et
1018 2739 1163 2810 multitu

62 2833 153 2946 hlpi
180 2859 397 2927 dominantur
416 2861 477 2926 eis.
495 2862 539 2929 Et
553 2865 635 2928 tunc
651 2860 822 2929 benedixit
842 2880 899 2927 eos
923 2864 957 2928 et
974 2860 1113 2928 dimisit.

125 2979 158 3056 it.
181 2976 334 3063 Regnum
358 2976 485 3042 mundi.
554 2978 584 3052 7.
611 2978 801 3064 Eruptavit.

127 3089 232 3158 Lectto
249 3101 373 3158 octavo.
401 3094 494 3158 Tunc
510 3092 610 3160 beata
628 3094 763 3160 Venere
778 3095 932 3181 pervenit
954 3096 989 3160 in
1011 3093 1113 3160 aliam

56 3192 264 3286 Civitatem,
289 3210 325 3273 iu
346 3229 412 3294 quc
434 3215 509 3276 erat
530 3229 604 3289 rex,
629 3211 685 3296 qui
705 3211 889 3278 vocabatur
906 3211 1113 3278 Anthemius.

56 3297 162 3385 Cum
177 3327 289 3390 autem
308 3324 449 3391 vidisset
461 3345 534 3389 eam
549 3346 621 3404 rex,
636 3327 687 3394 ait
705 3348 712 3392 :
739 3328 789 3392 Tu
804 3348 839 3393 es
855 3326 913 3392 illa
936 3346 999 3412 que
1019 3332 1116 3394 tanta

57 3433 242 3504 11liracula
267 3438 448 3504 ostendisti
473 3440 509 3503 in
536 3439 672 3506 civitate
691 3440 840 3517 Nireum,
870 3441 906 3506 in
928 3463 994 3527 qua
1017 3447 1115 3509 tanta

59 3535 247 3621 tOrmenta
274 3553 427 3621 fecerunt
457 3555 519 3622 tibi
544 3560 578 3622 et
608 3576 673 3622 non
705 3560 887 3642 potuerunt
910 3562 945 3623 te
966 3559 1113 3623 vincere.

64 3648 202 3739 Sancta
214 3673 407 3760 respondit:
425 3676 495 3761 Ego
511 3695 584 3740 sum
599 3674 790 3762 indignant
806 3674 927 3741 faciam
940 3677 1111 3759 miracula,
1183 3709 1186 3715 .

69 3773 188 3853 virtus
207 3789 266 3856 Dei
286 3796 446 3875 operatur
464 3791 642 3857 mirabilia.
667 3794 759 3857 Tunc
775 3793 825 3860 ait
844 3813 923 3857 rex:
949 3792 1053 3858 Video
1081 3793 1116 3855 in

76 3885 118 3952 ῖθ
142 3921 291 3990 magnam
312 3905 594 3991 pulchritudinem
618 3913 652 3976 et
670 3908 799 3975 vultum
818 3914 913 3975 tuum
936 3907 1114 3973 candidum
1126 3908 1165 3972 30

83 4004 300 4100 nimisVeni,
320 4019 424 4088 adora
437 4020 528 4103 deos,
545 4027 580 4092 et
586 4023 665 4110 juro
675 4023 737 4090 tibi
756 4044 815 4110 per
829 4024 932 4110 ipsos,
951 4023 1116 4089 coronabo
