2790 4792
608 400 786 467 ..15-

170 547 276 608 teram
302 543 451 609 Salome.
464 542 563 608 Zobel
582 563 675 621 vero,
705 543 849 609 Mariam
876 542 1041 626 virginem
1071 545 1214 607 matrem

172 656 380 743 aspiciendo,
398 656 642 723 considerando
663 662 698 723 et
726 654 925 741 inquirendo
942 656 1129 733 inveniens,
1153 675 1214 719 ex-

172 773 333 838 clamavit
357 773 524 858 virginem
549 773 731 857 peperisse.
768 771 900 836 Salome
923 791 990 836 non
1014 769 1157 836 credidit
1181 749 1215 835 et

176 891 292 955 statim
309 889 403 954 aruit
420 907 540 953 manus
554 887 647 973 ejus;
665 887 736 964 sed,
747 887 846 974 jussu
867 887 992 972 angeli,
1013 905 1152 971 puerum
1167 887 1215 949 to·

172 1005 251 1090 tigit
267 1010 303 1070 et
322 1005 451 1090 resapit
468 1004 629 1070 continuo
644 1003 839 1070 sanitatem.

221 1119 395 1185 Nativitas
410 1118 596 1184 Salvatoris
616 1118 848 1204 multiplieiter
871 1137 931 1203 per
954 1137 1069 1183 omnes
1089 1117 1214 1202 gradus

174 1238 413 1300 ereaturarum
428 1233 631 1300 ostenditur.
646 1233 731 1300 Sunt
754 1232 896 1317 quedam
911 1252 984 1317 >que
998 1235 1130 1299 tantum
1150 1231 1214 1296 ha-

173 1347 256 1414 bent
276 1367 361 1430 esse,
379 1353 417 1414 ut
430 1346 561 1413 edificia
576 1352 610 1413 et
622 1353 755 1426 statue;
782 1347 924 1432 quedam
943 1346 1069 1413 habent
1086 1365 1160 1412 esse
1180 1351 1215 1413 et

173 1464 302 1541 vivere,
327 1469 364 1530 ut
378 1462 533 1542 arbores3
556 1462 697 1547 quedam
722 1482 808 1541 esse,
833 1464 947 1529 vivere
970 1467 1005 1529 et
1028 1461 1154 1528 sentire
1177 1465 1215 1528 ut

173 1578 336 1643 animalia
351 1601 358 1657 ;
376 1576 516 1663 quedam
534 1598 620 1655 esse,
638 1579 763 1655 rivere,
779 1553 906 1644 sentire
918 1582 953 1645 et
972 1577 1163 1642 discernere
1177 1567 1264 1641 ut10

186 1693 361 1772 homines;
377 1693 517 1778 quedam
532 1713 619 1769 esse,
634 1693 761 1770 vivere,
774 1693 964 1758 discernere
977 1696 1011 1759 et
1026 1690 1215 1776 intelligere

174 1812 216 1873 ut
231 1808 384 1893 angelus.
412 1808 478 1873 Per
493 1807 556 1903 has
578 1827 699 1873 omnes·
710 1813 885 1875 creaturas
903 1806 1032 1875 Christi
1052 1807 1214 1872 nativitas

174 1927 231 1988 est
249 1927 398 1989 ostensa.

222 2036 336 2102 Primo
350 2057 410 2123 per
428 2042 603 2105 creaturas
620 2058 683 2124 que
695 2041 828 2105 tantum
843 2037 969 2104 habent
982 2056 1068 2115 esse,
1085 2041 1124 2103 ut
1136 2041 1216 2102 sunt

172 2151 320 2230 edificia,
342 2158 455 2220 statue
470 2158 504 2221 et
520 2153 643 2220 sidera.
667 2154 753 2220 Nam
774 2158 924 2240 tempore
943 2152 1119 2221 Octoriani
1146 2153 1216 2217 Ro-

173 2269 269 2332 mani
287 2269 501 2353 imperatoris
519 2282 587 2354 pax
606 2268 672 2337 fuit
685 2270 789 2335 Rome
803 2271 874 2335 XII
890 2271 988 2347 annis
1003 2274 1037 2336 et
1054 2268 1128 2333 ideo
1144 2269 1216 2334 Ro-

173 2384 269 2448 mani
292 2385 453 2469 templum
477 2385 576 2450 Pacis
598 2389 883 2465 construxerunt3
903 2390 938 2452 et
953 2404 1152 2470 responsum
1173 2382 1214 2448 ab

172 2497 287 2584 ydolis
309 2504 508 2584 receperunt
521 2499 608 2588 quod
626 2520 694 2586 pax
709 2499 848 2567 duraret
868 2498 976 2585 quoad
998 2519 1102 2584 nsque
1118 2499 1215 2584 virgo

172 2612 280 2678 filium
297 2619 443 2699 pareret.
467 2613 560 2688 Quod
578 2613 831 2681 considerantes
856 2613 1037 2680 dixerunt:
1061 2612 1217 2699 Impossi-

173 2728 244 2794 bile
267 2735 320 2796 est
337 2731 503 2816 uirginem
519 2751 639 2816 parere
652 2753 660 2811 ;
675 2751 755 2818 ergo
770 2732 804 2795 in
820 2735 973 2797 eternum
988 2729 1134 2796 durabit.
1151 2727 1215 2795 Sed
1226 2727 1264 2789 20

174 2844 213 2906 in
231 2843 304 2927 ipsa
325 2848 423 2909 nocte
438 2864 503 2929 qua
524 2847 620 2930 virgo
645 2845 756 2911 Maria
778 2844 917 2910 Jhesum
937 2844 1043 2910 filium
1064 2845 1124 2909 Dei
1146 2844 1216 2909 vivi

175 2959 309 3044 peperit
323 2959 482 3043 templum
495 2960 623 3026 corruit
638 2964 673 3027 et
687 2959 769 3040 inibi
784 2960 924 3025 ecclesia
946 2960 1050 3026 Beate
1064 2957 1217 3042 Virginis

176 3077 215 3138 et
225 3073 345 3139 matris
361 3077 555 3141 constructa
570 3080 633 3158 est,
648 3095 711 3159 que
725 3073 884 3141 moderno
904 3079 1055 3159 ternpore
1075 3072 1217 3138 Sancte·

175 3187 418 3255 Maria-Nove
464 3189 605 3254 eeclesia
646 3189 851 3256 nominatur.
878 3190 958 3274 Ipsa
989 3190 1091 3256 etiam
1117 3192 1216 3255 nocte

175 3303 281 3370 multe
312 3307 425 3370 statue
455 3301 498 3368 ad
524 3303 700 3369 niehilium
726 3303 930 3371 oeciderunt.
957 3305 1099 3390 Legitur
1126 3304 1214 3369 enim

175 3417 264 3503 quod
293 3417 483 3483 iheremias
511 3419 677 3504 propheta
708 3419 744 3484 in
784 3420 954 3505 Egyptum
994 3419 1212 3497 descendens

174 3537 251 3620 post
265 3537 409 3599 mortem
424 3534 562 3600 Godolie
577 3536 680 3621 regis,
696 3535 829 3620 signum
850 3533 942 3600 dedit
953 3534 1109 3627 Egyptiis
1127 3533 1213 3619 quod

174 3668 292 3714 eorum
312 3646 416 3733 ydola
430 3652 626 3715 corruerent
642 3647 774 3734 quando
788 3649 884 3736 uirgo
897 3648 1002 3715 fllium
1013 3649 1213 3734 parturiret.

176 3766 390 3851 Quapropter
414 3765 606 3832 sacerdotes
629 3764 806 3850 ydolorum
837 3766 1030 3851 ymaginem
1072 3766 1214 3851 virginis

175 3900 318 3967 puerum
338 3879 523 3966 bajulantis
539 3878 692 3948 fecerunt
709 3884 743 3947 et
765 3881 990 3947 secretissime
1012 3879 1212 3950 adorabant.
1225 3882 1264 3948 30

174 3997 302 4067 Postea
314 4014 395 4062 vero
410 4014 521 4082 araga
532 3995 712 4064 Tholomeo
725 3996 927 4082 interrogati
942 3995 1097 4084 quidhoc
1111 4004 1212 4077 esset,
