2790 4792
593 439 792 505 -273-

172 584 249 650 aliis
270 586 421 652 ecclesiis
451 585 720 672 parrochialibus
747 590 782 655 εὴ
809 585 948 672 capellis
973 582 1070 650 nobis
1095 588 1130 651 ct
1154 602 1211 650 ec-

173 701 276 768 clesie
300 706 416 769 nostre
442 702 586 770 subditis
612 694 827 770 celebrantur
852 722 910 768 seu
938 699 1209 767 celebrabuntur.

216 818 378 885 Preterea
396 838 471 895 nos,
494 818 576 886 dicti
597 818 699 885 abbas
714 825 749 886 ot
764 823 949 886 conventus
968 818 1209 904 prenominati,

173 933 387 1002 fundavimus
405 940 439 1004 εὴ
456 936 698 1015 ordinavimus,
716 957 755 1003 ac
769 956 829 1023 per
845 941 1019 1023 presentes
1033 934 1213 1001 fundamus

173 1055 206 1119 εὴ
222 1052 417 1119 ordinamus
432 1074 533 1120 unam
551 1055 688 1120 missam
704 1053 739 1118 in
754 1053 881 1119 honore
895 1053 1091 1119 beatissime
1104 1053 1215 1140 virgi-

172 1168 227 1232 nis
245 1169 353 1234 Marie
371 1168 436 1235 dici
447 1174 481 1236 et
496 1169 659 1235 celebrari
678 1170 714 1234 in
723 1169 796 1255 jam
813 1169 1042 1236 dicta-nostra
1057 1161 1211 1248 ecclesia,

173 1282 322 1370 qualibet
352 1284 406 1350 die
434 1284 577 1364 sabbati,
596 1286 766 1372 perpetuis
789 1286 1008 1372 temporibus,
1027 1288 1097 1357 alta
1116 1306 1210 1365 voce,

172 1421 247 1466 cum
263 1399 403 1468 diacono
425 1407 459 1470 εὴ
485 1402 701 1481 subdiacono,
717 1401 1051 1489 probenefaotoribus
1067 1404 1215 1469 lumina-

172 1519 220 1583 ris
252 1518 350 1585 beate
378 1520 487 1600 Marie
516 1520 660 1606 virginis
690 1519 828 1585 ecclesie
855 1524 971 1586 nostre
998 1519 1158 1607 predicte,
1176 1523 1215 1588 ut

171 1635 247 1721 ipsa
258 1635 468 1701 carissimum
491 1635 563 1722 ejus
580 1634 698 1714 filium,
716 1634 887 1701 dominum
905 1642 1059 1703 nostrum
1076 1636 1214 1702 Jhesum

171 1751 358 1839 Christum,
380 1773 441 1838 pro
461 1751 586 1818 eisdem
606 1751 878 1819 benefactoribus
899 1752 1059 1840 dignetur
1072 1772 1215 1819 exorare

172 1873 221 1946 ut,
244 1887 319 1933 cum
343 1868 403 1934 lux
428 1867 529 1955 hujus
558 1868 673 1934 mundi
694 1869 850 1936 mortalis
878 1867 1028 1947 deficiet,
1048 1889 1131 1935 vera
1155 1868 1215 1935 lux

172 1984 306 2050 celestis
321 1985 369 2049 eis
383 1988 600 2071 preparetur;
619 1986 654 2050 in
667 2006 733 2072 qua
745 1984 878 2071 quidem
895 1986 1000 2051 missa
1014 1986 1166 2052 volumus
1181 1988 1216 2052 ot

172 2099 367 2167 ordinamus
384 2121 608 2188 quoscumque
619 2101 853 2169 benefactores
868 2101 956 2169 dicte
977 2106 1092 2169 nostre
1107 2101 1215 2168 eccle·

173 2218 220 2282 sie
245 2219 280 2282 et
298 2216 476 2281 luminaris
490 2216 633 2302 predicti
660 2204 823 2284 associari
846 2223 880 2285 et
908 2216 993 2285 effici
1019 2219 1212 2305 participes.

217 2332 263 2399 Ut
281 2336 391 2399 autem
414 2333 569 2418 specialis
588 2335 717 2400 mencio
736 2335 963 2420 memoriaque
975 2335 1158 2422 perhennis
1173 2335 1214 2402 de

172 2448 333 2536 predictis
349 2448 577 2516 confratribus
598 2449 777 2528 habeatur,
796 2451 1037 2538 oracionesque
1057 2472 1118 2538 pro
1131 2453 1214 2538 ipsis

174 2565 352 2651 specialius
380 2566 463 2633 fient
490 2571 525 2633 et
551 2566 749 2647 fundantur,
779 2567 933 2633 volumus
960 2572 995 2635 et
1019 2567 1213 2634 ordinamus

173 2680 383 2750 confratrum
407 2683 555 2748 omnium
580 2686 614 2750 et
638 2683 846 2770 singulorum
867 2684 1005 2749 nomina
1028 2687 1063 2750 et
1087 2703 1214 2770 cogno-

173 2801 278 2879 mina,
304 2800 338 2864 in
362 2819 428 2865 uno
449 2799 562 2865 codice
580 2820 638 2864 seu
656 2799 741 2865 libro
756 2799 798 2864 ad
814 2803 1010 2886 perpetuam
1028 2800 1077 2865 rei
1093 2819 1216 2866 memo·

173 2918 260 2982 riam
289 2916 465 2998 conscribi,
495 2914 767 3002 queusecundum
792 2917 955 3002 temporis
978 2916 1216 3003 opportunita-

174 3039 246 3101 tem
262 3035 298 3100 in
317 3034 464 3123 capitulo
489 3038 618 3112 nostro,
631 3037 691 3100 aut
711 3033 809 3113 alias,
828 3032 885 3099 ubi
903 3034 1022 3101 melius
1041 3032 1145 3102 fuerit
1160 3055 1216 3099 ex·

173 3150 325 3238 pediens,
351 3152 575 3239 publicentur.

219 3270 366 3346 Quilibet
394 3277 506 3339 autem
522 3272 557 3335 in
579 3270 669 3337 dicta
688 3267 875 3336 confratria
894 3269 1088 3354 recipietur,
1104 3268 1214 3335 dando

174 3386 268 3472 operi
283 3388 421 3453 ecclesie
436 3391 552 3454 nostre
562 3387 710 3474 predicte
726 3386 851 3454 dietam
870 3387 970 3452 unius
992 3387 1138 3473 operarii
1160 3408 1216 3453 se-

174 3505 242 3569 mel
257 3506 291 3568 in
301 3504 374 3570 vita
389 3503 557 3571 duntaxat
574 3508 634 3571 aut
655 3502 803 3569 valorem
820 3502 968 3590 ejusdem
984 3502 1085 3580 dieta,
1097 3507 1214 3571 taxato

175 3620 218 3686 ad
237 3620 486 3686 conferencium
510 3624 642 3698 nutum,
667 3639 726 3684 seu
749 3618 957 3686 confratrum
988 3618 1214 3706 predictorum

174 3735 397 3804 voluntatem.

220 3842 303 3909 Cum
330 3846 443 3910 antem
473 3846 660 3909 memorata
685 3843 827 3908 ecclesia
852 3845 971 3908 nostra
998 3842 1056 3920 sit,
1080 3845 1118 3909 ut
1137 3862 1217 3928 pre-

174 3959 313 4038 dicitur,
336 3960 462 4047 regalis
491 3958 711 4041 fundacionis,
738 3963 773 4026 ot
803 3959 838 4023 in
865 3978 906 4024 ea
924 3958 1112 4043 antiquitus
1138 3957 1215 4024 fun-

174 4075 248 4143 dati
279 4079 394 4143 essent
424 4074 670 4162 quinquaginta
699 4072 849 4161 religiosi
890 4092 949 4160 per
985 4073 1214 4161 supradictum

1015 4194 1056 4259 18
