<?xml version="1.0" encoding="UTF-8"?>
<!DOCTYPE html PUBLIC "-//W3C//DTD XHTML 1.0 Transitional//EN"
    "http://www.w3.org/TR/xhtml1/DTD/xhtml1-transitional.dtd">
<html xmlns="http://www.w3.org/1999/xhtml" xml:lang="en" lang="en">
 <head>
  <title>
</title>
<meta http-equiv="Content-Type" content="text/html;charset=utf-8" />
  <meta name='ocr-system' content='tesseract 3.04.00' />
  <meta name='ocr-capabilities' content='ocr_page ocr_carea ocr_par ocr_line ocrx_word'/>
</head>
<body>
  <div class='ocr_page' id='page_1' title='image "./lelivredesreliq00jullgoog_0109.png"; bbox 0 0 2790 4792; ppageno 0'>
   <div class='ocr_carea' id='block_1_1' title="bbox 691 459 861 530">
    <p class='ocr_par' dir='ltr' id='par_1_1' title="bbox 691 459 861 530">
     <span class='ocr_line' id='line_1_1' title="bbox 691 459 861 530; baseline -0.012 -16"><span class='ocrx_word' id='word_1_1' title='bbox 691 459 861 530; x_wconf 84' lang='grc'>..66-</span> 
     </span>
    </p>
   </div>
   <div class='ocr_carea' id='block_1_2' title="bbox 250 745 1292 798">
    <p class='ocr_par' dir='ltr' id='par_1_2' title="bbox 250 745 1292 798">
     <span class='ocr_line' id='line_1_2' title="bbox 250 745 1292 798; baseline 0.003 -5"><span class='ocrx_word' id='word_1_2' title='bbox 250 745 293 794; x_wconf 70' lang='lat' dir='ltr'><strong>Dis</strong></span> <span class='ocrx_word' id='word_1_3' title='bbox 311 747 463 794; x_wconf 76' lang='lat' dir='ltr'>CORPORE</span> <span class='ocrx_word' id='word_1_4' title='bbox 487 747 606 795; x_wconf 82' lang='lat' dir='ltr'>SANCTI</span> <span class='ocrx_word' id='word_1_5' title='bbox 626 748 789 796; x_wconf 83' lang='lat' dir='ltr'>AMBROSII</span> <span class='ocrx_word' id='word_1_6' title='bbox 809 749 1014 798; x_wconf 76' lang='lat' dir='ltr'>SENONENSIS</span> <span class='ocrx_word' id='word_1_7' title='bbox 1035 748 1292 796; x_wconf 79' lang='lat' dir='ltr'><strong>ARCHIEPISOOPI</strong></span> 
     </span>
    </p>
   </div>
   <div class='ocr_carea' id='block_1_3' title="bbox 245 948 1293 1835">
    <p class='ocr_par' dir='ltr' id='par_1_3' title="bbox 245 948 1293 1835">
     <span class='ocr_line' id='line_1_3' title="bbox 292 948 1293 1049; baseline -0.001 -21"><span class='ocrx_word' id='word_1_8' title='bbox 292 959 434 1029; x_wconf 88' lang='lat' dir='ltr'><strong>Sanctus</strong></span> <span class='ocrx_word' id='word_1_9' title='bbox 444 961 651 1045; x_wconf 84' lang='lat' dir='ltr'><strong>Ambrosius,</strong></span> <span class='ocrx_word' id='word_1_10' title='bbox 662 950 865 1029; x_wconf 83' lang='lat' dir='ltr'><strong>Sunonensis</strong></span> <span class='ocrx_word' id='word_1_11' title='bbox 878 948 1163 1049; x_wconf 84' lang='lat' dir='ltr'><strong>archiepiscopus,</strong></span> <span class='ocrx_word' id='word_1_12' title='bbox 1171 968 1293 1029; x_wconf 84' lang='lat' dir='ltr'><strong>contra</strong></span> 
     </span>
     <span class='ocr_line' id='line_1_4' title="bbox 247 1075 1291 1163; baseline -0.001 -22"><span class='ocrx_word' id='word_1_13' title='bbox 247 1077 411 1143; x_wconf 80' lang='lat' dir='ltr'><strong>Arrianus</strong></span> <span class='ocrx_word' id='word_1_14' title='bbox 426 1075 562 1143; x_wconf 89' lang='lat' dir='ltr'><strong>fortiter</strong></span> <span class='ocrx_word' id='word_1_15' title='bbox 578 1076 756 1163; x_wconf 89' lang='lat' dir='ltr'><strong>predicans</strong></span> <span class='ocrx_word' id='word_1_16' title='bbox 775 1078 956 1144; x_wconf 86' lang='lat' dir='ltr'><strong>veritatem</strong></span> <span class='ocrx_word' id='word_1_17' title='bbox 971 1076 1117 1145; x_wconf 88' lang='lat' dir='ltr'><strong>firmiter</strong></span> <span class='ocrx_word' id='word_1_18' title='bbox 1132 1096 1291 1142; x_wconf 86' lang='lat' dir='ltr'><strong>asserens</strong></span> 
     </span>
     <span class='ocr_line' id='line_1_5' title="bbox 247 1189 1291 1278; baseline -0.002 -22"><span class='ocrx_word' id='word_1_19' title='bbox 247 1190 431 1271; x_wconf 88' lang='lat' dir='ltr'><strong>edocebat;</strong></span> <span class='ocrx_word' id='word_1_20' title='bbox 460 1193 566 1278; x_wconf 91' lang='lat' dir='ltr'><strong>ipsius</strong></span> <span class='ocrx_word' id='word_1_21' title='bbox 594 1192 665 1257; x_wconf 83' lang='lat' dir='ltr'><strong>uita</strong></span> <span class='ocrx_word' id='word_1_22' title='bbox 690 1190 874 1257; x_wconf 85' lang='lat' dir='ltr'><strong>virtutibus</strong></span> <span class='ocrx_word' id='word_1_23' title='bbox 899 1189 1093 1278; x_wconf 86' lang='lat' dir='ltr'><strong>effulgebat.</strong></span> <span class='ocrx_word' id='word_1_24' title='bbox 1108 1192 1165 1257; x_wconf 57' lang='lat' dir='ltr'><strong>1In</strong></span> <span class='ocrx_word' id='word_1_25' title='bbox 1191 1191 1291 1255; x_wconf 91' lang='lat' dir='ltr'><strong>nonis</strong></span> 
     </span>
     <span class='ocr_line' id='line_1_6' title="bbox 248 1306 1293 1393; baseline 0.002 -25"><span class='ocrx_word' id='word_1_26' title='bbox 248 1307 446 1390; x_wconf 83' lang='lat' dir='ltr'><strong>septembris</strong></span> <span class='ocrx_word' id='word_1_27' title='bbox 470 1308 629 1393; x_wconf 82' lang='lat' dir='ltr'><strong>migravit</strong></span> <span class='ocrx_word' id='word_1_28' title='bbox 656 1326 675 1371; x_wconf 88' lang='lat' dir='ltr'><strong>a</strong></span> <span class='ocrx_word' id='word_1_29' title='bbox 702 1307 812 1372; x_wconf 91' lang='lat' dir='ltr'><strong>seculo</strong></span> <span class='ocrx_word' id='word_1_30' title='bbox 837 1308 955 1373; x_wconf 86' lang='lat' dir='ltr'>vivens</span> <span class='ocrx_word' id='word_1_31' title='bbox 986 1307 1021 1371; x_wconf 90' lang='lat' dir='ltr'><strong>iu</strong></span> <span class='ocrx_word' id='word_1_32' title='bbox 1045 1306 1197 1373; x_wconf 84' lang='lat' dir='ltr'><strong>Christo.</strong></span> <span class='ocrx_word' id='word_1_33' title='bbox 1227 1306 1293 1378; x_wconf 58' lang='lat' dir='ltr'><strong>Se,-</strong></span> 
     </span>
     <span class='ocr_line' id='line_1_7' title="bbox 246 1418 1290 1507; baseline 0.004 -25"><span class='ocrx_word' id='word_1_34' title='bbox 246 1419 360 1502; x_wconf 87' lang='lat' dir='ltr'><strong>pultus</strong></span> <span class='ocrx_word' id='word_1_35' title='bbox 377 1418 441 1487; x_wconf 89' lang='lat' dir='ltr'><strong>fuit</strong></span> <span class='ocrx_word' id='word_1_36' title='bbox 456 1422 490 1485; x_wconf 92' lang='lat' dir='ltr'><strong>in</strong></span> <span class='ocrx_word' id='word_1_37' title='bbox 505 1420 657 1507; x_wconf 88' lang='lat' dir='ltr'><strong>predicta</strong></span> <span class='ocrx_word' id='word_1_38' title='bbox 678 1421 819 1488; x_wconf 87' lang='lat' dir='ltr'><strong>ecclesia</strong></span> <span class='ocrx_word' id='word_1_39' title='bbox 836 1421 951 1490; x_wconf 82' lang='lat' dir='ltr'><strong>Sancti</strong></span> <span class='ocrx_word' id='word_1_40' title='bbox 968 1423 1090 1489; x_wconf 89' lang='lat' dir='ltr'>Leonis</span> <span class='ocrx_word' id='word_1_41' title='bbox 1109 1443 1149 1489; x_wconf 89' lang='lat' dir='ltr'><strong>ac</strong></span> <span class='ocrx_word' id='word_1_42' title='bbox 1167 1421 1290 1488; x_wconf 88' lang='lat' dir='ltr'><strong>deinde</strong></span> 
     </span>
     <span class='ocr_line' id='line_1_8' title="bbox 245 1533 1290 1623; baseline 0.005 -26"><span class='ocrx_word' id='word_1_43' title='bbox 245 1553 306 1617; x_wconf 93' lang='lat' dir='ltr'><strong>per</strong></span> <span class='ocrx_word' id='word_1_44' title='bbox 338 1533 496 1600; x_wconf 90' lang='lat' dir='ltr'><strong>domnum</strong></span> <span class='ocrx_word' id='word_1_45' title='bbox 530 1538 732 1622; x_wconf 82' lang='lat' dir='ltr'><strong>Ansegisum</strong></span> <span class='ocrx_word' id='word_1_46' title='bbox 761 1537 947 1623; x_wconf 87' lang='lat' dir='ltr'><strong>predictum</strong></span> <span class='ocrx_word' id='word_1_47' title='bbox 978 1539 1013 1603; x_wconf 89' lang='lat' dir='ltr'><strong>in</strong></span> <span class='ocrx_word' id='word_1_48' title='bbox 1045 1538 1290 1604; x_wconf 86' lang='lat' dir='ltr'><strong>monasterium</strong></span> 
     </span>
     <span class='ocr_line' id='line_1_9' title="bbox 245 1646 1292 1737; baseline 0.002 -24"><span class='ocrx_word' id='word_1_49' title='bbox 245 1646 359 1714; x_wconf 82' lang='lat' dir='ltr'><strong>Sancti</strong></span> <span class='ocrx_word' id='word_1_50' title='bbox 375 1650 467 1716; x_wconf 88' lang='lat' dir='ltr'><strong>Petri</strong></span> <span class='ocrx_word' id='word_1_51' title='bbox 479 1651 558 1718; x_wconf 85' lang='lat' dir='ltr'><strong>vivi</strong></span> <span class='ocrx_word' id='word_1_52' title='bbox 578 1671 650 1726; x_wconf 92' lang='lat' dir='ltr'><strong>cum</strong></span> <span class='ocrx_word' id='word_1_53' title='bbox 670 1651 746 1716; x_wconf 88' lang='lat' dir='ltr'><strong>aliis</strong></span> <span class='ocrx_word' id='word_1_54' title='bbox 770 1652 897 1718; x_wconf 91' lang='lat' dir='ltr'><strong>sanctis</strong></span> <span class='ocrx_word' id='word_1_55' title='bbox 915 1651 1077 1737; x_wconf 81' lang='lat' dir='ltr'><strong>predictis</strong></span> <span class='ocrx_word' id='word_1_56' title='bbox 1098 1669 1219 1736; x_wconf 89' lang='lat' dir='ltr'><strong>corpus</strong></span> <span class='ocrx_word' id='word_1_57' title='bbox 1236 1650 1292 1735; x_wconf 90' lang='lat' dir='ltr'><strong>ip-</strong></span> 
     </span>
     <span class='ocr_line' id='line_1_10' title="bbox 245 1762 1219 1835; baseline 0.003 -8"><span class='ocrx_word' id='word_1_58' title='bbox 245 1762 315 1827; x_wconf 91' lang='lat' dir='ltr'><strong>sius</strong></span> <span class='ocrx_word' id='word_1_59' title='bbox 327 1765 531 1832; x_wconf 85' lang='lat' dir='ltr'><strong>translatum</strong></span> <span class='ocrx_word' id='word_1_60' title='bbox 545 1764 609 1833; x_wconf 89' lang='lat' dir='ltr'><strong>fuit</strong></span> <span class='ocrx_word' id='word_1_61' title='bbox 630 1772 664 1834; x_wconf 90' lang='lat' dir='ltr'><strong>et</strong></span> <span class='ocrx_word' id='word_1_62' title='bbox 688 1767 770 1832; x_wconf 91' lang='lat' dir='ltr'><strong>inibi</strong></span> <span class='ocrx_word' id='word_1_63' title='bbox 789 1765 972 1833; x_wconf 85' lang='lat' dir='ltr'><strong>honorilice</strong></span> <span class='ocrx_word' id='word_1_64' title='bbox 986 1770 1219 1835; x_wconf 83' lang='lat' dir='ltr'><strong>conservatur.</strong></span> 
     </span>
    </p>
   </div>
   <div class='ocr_carea' id='block_1_4' title="bbox 198 2012 1264 2078">
    <p class='ocr_par' dir='ltr' id='par_1_4' title="bbox 198 2012 1264 2078">
     <span class='ocr_line' id='line_1_11' title="bbox 198 2012 1264 2078; baseline 0 -18"><span class='ocrx_word' id='word_1_65' title='bbox 198 2014 234 2078; x_wconf 82' lang='lat'><strong>10</strong></span> <span class='ocrx_word' id='word_1_66' title='bbox 274 2012 317 2060; x_wconf 78' lang='lat' dir='ltr'><strong>DE</strong></span> <span class='ocrx_word' id='word_1_67' title='bbox 338 2014 506 2071; x_wconf 78' lang='lat' dir='ltr'>RELIQUIIS</span> <span class='ocrx_word' id='word_1_68' title='bbox 530 2016 650 2065; x_wconf 72' lang='lat' dir='ltr'><strong>sartori</strong></span> <span class='ocrx_word' id='word_1_69' title='bbox 673 2016 753 2064; x_wconf 83' lang='lat' dir='ltr'>LUPI</span> <span class='ocrx_word' id='word_1_70' title='bbox 776 2016 979 2066; x_wconf 81' lang='lat' dir='ltr'>SENONENSIS</span> <span class='ocrx_word' id='word_1_71' title='bbox 1002 2014 1264 2064; x_wconf 70' lang='lat' dir='ltr'><strong>naoflmmsoorr</strong></span> 
     </span>
    </p>
   </div>
   <div class='ocr_carea' id='block_1_5' title="bbox 242 2220 1331 3000">
    <p class='ocr_par' dir='ltr' id='par_1_5' title="bbox 242 2220 1331 3000">
     <span class='ocr_line' id='line_1_12' title="bbox 284 2220 1283 2314; baseline 0.001 -23"><span class='ocrx_word' id='word_1_72' title='bbox 284 2220 432 2293; x_wconf 73' lang='lat' dir='ltr'><strong>&#39;Sanctus</strong></span> <span class='ocrx_word' id='word_1_73' title='bbox 460 2228 572 2314; x_wconf 86' lang='lat' dir='ltr'><strong>Lupus</strong></span> <span class='ocrx_word' id='word_1_74' title='bbox 601 2228 723 2293; x_wconf 90' lang='lat' dir='ltr'><strong>nobilis</strong></span> <span class='ocrx_word' id='word_1_75' title='bbox 751 2234 874 2314; x_wconf 81' lang='lat' dir='ltr'><strong>genere</strong></span> <span class='ocrx_word' id='word_1_76' title='bbox 904 2228 961 2294; x_wconf 86' lang='lat' dir='ltr'><strong>sed</strong></span> <span class='ocrx_word' id='word_1_77' title='bbox 985 2227 1129 2294; x_wconf 82' lang='lat' dir='ltr'><strong>nobilior</strong></span> <span class='ocrx_word' id='word_1_78' title='bbox 1154 2230 1283 2304; x_wconf 88' lang='lat' dir='ltr'><strong>mente,</strong></span> 
     </span>
     <span class='ocr_line' id='line_1_13' title="bbox 243 2340 1291 2429; baseline 0.001 -24"><span class='ocrx_word' id='word_1_79' title='bbox 243 2340 446 2406; x_wconf 83' lang='lat' dir='ltr'><strong>Sunonensis</strong></span> <span class='ocrx_word' id='word_1_80' title='bbox 466 2341 736 2429; x_wconf 83' lang='lat' dir='ltr'><strong>archiepiscopus</strong></span> <span class='ocrx_word' id='word_1_81' title='bbox 761 2341 836 2409; x_wconf 88' lang='lat' dir='ltr'><strong>fuit.</strong></span> <span class='ocrx_word' id='word_1_82' title='bbox 870 2343 988 2409; x_wconf 91' lang='lat' dir='ltr'><strong>Multis</strong></span> <span class='ocrx_word' id='word_1_83' title='bbox 1014 2341 1126 2408; x_wconf 87' lang='lat' dir='ltr'><strong>clarus</strong></span> <span class='ocrx_word' id='word_1_84' title='bbox 1150 2342 1291 2408; x_wconf 86' lang='lat' dir='ltr'><strong>virtuti·</strong></span> 
     </span>
     <span class='ocr_line' id='line_1_14' title="bbox 243 2452 1292 2543; baseline 0.001 -25"><span class='ocrx_word' id='word_1_85' title='bbox 243 2452 305 2519; x_wconf 91' lang='lat' dir='ltr'><strong>bus</strong></span> <span class='ocrx_word' id='word_1_86' title='bbox 319 2455 405 2540; x_wconf 90' lang='lat' dir='ltr'><strong>apud</strong></span> <span class='ocrx_word' id='word_1_87' title='bbox 424 2457 647 2523; x_wconf 90' lang='lat' dir='ltr'><strong>Briennonem</strong></span> <span class='ocrx_word' id='word_1_88' title='bbox 668 2457 865 2543; x_wconf 83' lang='lat' dir='ltr'><strong>migravita</strong></span> <span class='ocrx_word' id='word_1_89' title='bbox 890 2457 1014 2533; x_wconf 91' lang='lat' dir='ltr'><strong>seculo,</strong></span> <span class='ocrx_word' id='word_1_90' title='bbox 1042 2459 1078 2522; x_wconf 86' lang='lat' dir='ltr'><strong>et</strong></span> <span class='ocrx_word' id='word_1_91' title='bbox 1096 2456 1133 2519; x_wconf 89' lang='lat' dir='ltr'><strong>in</strong></span> <span class='ocrx_word' id='word_1_92' title='bbox 1153 2474 1292 2522; x_wconf 90' lang='lat' dir='ltr'><strong>monas-</strong></span> 
     </span>
     <span class='ocr_line' id='line_1_15' title="bbox 243 2568 1331 2664; baseline 0.001 -30"><span class='ocrx_word' id='word_1_93' title='bbox 243 2571 331 2634; x_wconf 85' lang='lat' dir='ltr'><strong>terio</strong></span> <span class='ocrx_word' id='word_1_94' title='bbox 349 2570 471 2636; x_wconf 88' lang='lat' dir='ltr'><strong>Sancte</strong></span> <span class='ocrx_word' id='word_1_95' title='bbox 484 2570 642 2636; x_wconf 85' lang='lat' dir='ltr'><strong>Columbo</strong></span> <span class='ocrx_word' id='word_1_96' title='bbox 663 2592 765 2657; x_wconf 88' lang='lat' dir='ltr'><strong>prope</strong></span> <span class='ocrx_word' id='word_1_97' title='bbox 786 2571 927 2638; x_wconf 88' lang='lat' dir='ltr'><strong>Senonis</strong></span> <span class='ocrx_word' id='word_1_98' title='bbox 945 2570 986 2637; x_wconf 90' lang='lat' dir='ltr'><strong>ad</strong></span> <span class='ocrx_word' id='word_1_99' title='bbox 1007 2569 1109 2656; x_wconf 92' lang='lat' dir='ltr'><strong>pedes</strong></span> <span class='ocrx_word' id='word_1_100' title='bbox 1133 2568 1303 2655; x_wconf 76' lang='lat' dir='ltr'><strong>predicte·</strong></span> <span class='ocrx_word' id='word_1_101' title='bbox 1328 2661 1331 2664; x_wconf 79' lang='lat'>.</span> 
     </span>
     <span class='ocr_line' id='line_1_16' title="bbox 244 2683 1290 2772; baseline 0.003 -27"><span class='ocrx_word' id='word_1_102' title='bbox 244 2689 358 2748; x_wconf 86' lang='lat' dir='ltr'><strong>sancte</strong></span> <span class='ocrx_word' id='word_1_103' title='bbox 386 2685 536 2770; x_wconf 88' lang='lat' dir='ltr'><strong>sepultus</strong></span> <span class='ocrx_word' id='word_1_104' title='bbox 561 2683 649 2762; x_wconf 81' lang='lat' dir='ltr'><strong>fuit3</strong></span> <span class='ocrx_word' id='word_1_105' title='bbox 670 2687 764 2771; x_wconf 88' lang='lat' dir='ltr'><strong>cujus</strong></span> <span class='ocrx_word' id='word_1_106' title='bbox 784 2706 903 2772; x_wconf 91' lang='lat' dir='ltr'><strong>corpus</strong></span> <span class='ocrx_word' id='word_1_107' title='bbox 926 2687 1111 2753; x_wconf 87' lang='lat' dir='ltr'><strong>relevatum</strong></span> <span class='ocrx_word' id='word_1_108' title='bbox 1136 2683 1202 2750; x_wconf 85' lang='lat' dir='ltr'><strong>fuit</strong></span> <span class='ocrx_word' id='word_1_109' title='bbox 1219 2684 1290 2748; x_wconf 82' lang='grc' dir='ltr'><strong>ΧΙο</strong></span> 
     </span>
     <span class='ocr_line' id='line_1_17' title="bbox 242 2792 1288 2887; baseline 0.004 -28"><span class='ocrx_word' id='word_1_110' title='bbox 242 2796 405 2862; x_wconf 87' lang='lat' dir='ltr'><strong>kalendas</strong></span> <span class='ocrx_word' id='word_1_111' title='bbox 430 2800 578 2884; x_wconf 79' lang='lat' dir='ltr'><strong>augusti,</strong></span> <span class='ocrx_word' id='word_1_112' title='bbox 599 2801 645 2865; x_wconf 86' lang='lat' dir='ltr'><strong>De</strong></span> <span class='ocrx_word' id='word_1_113' title='bbox 666 2801 817 2885; x_wconf 89' lang='lat' dir='ltr'><strong>reliquiis</strong></span> <span class='ocrx_word' id='word_1_114' title='bbox 840 2801 946 2887; x_wconf 90' lang='lat' dir='ltr'><strong>ipsius</strong></span> <span class='ocrx_word' id='word_1_115' title='bbox 963 2799 1124 2866; x_wconf 92' lang='lat' dir='ltr'><strong>habemus</strong></span> <span class='ocrx_word' id='word_1_116' title='bbox 1143 2820 1227 2885; x_wconf 92' lang='lat' dir='ltr'><strong>quas</strong></span> <span class='ocrx_word' id='word_1_117' title='bbox 1252 2792 1288 2863; x_wconf 90' lang='lat' dir='ltr'><strong>in</strong></span> 
     </span>
     <span class='ocr_line' id='line_1_18' title="bbox 243 2914 1289 3000; baseline 0.007 -27"><span class='ocrx_word' id='word_1_118' title='bbox 243 2915 359 2976; x_wconf 89' lang='lat' dir='ltr'><strong>nostro</strong></span> <span class='ocrx_word' id='word_1_119' title='bbox 371 2915 577 2980; x_wconf 89' lang='lat' dir='ltr'><strong>monasterio</strong></span> <span class='ocrx_word' id='word_1_120' title='bbox 592 2920 626 2981; x_wconf 91' lang='lat' dir='ltr'><strong>et</strong></span> <span class='ocrx_word' id='word_1_121' title='bbox 641 2916 792 3000; x_wconf 87' lang='lat' dir='ltr'><strong>prioratu</strong></span> <span class='ocrx_word' id='word_1_122' title='bbox 809 2921 926 2982; x_wconf 91' lang='lat' dir='ltr'><strong>nostro</strong></span> <span class='ocrx_word' id='word_1_123' title='bbox 945 2916 986 2981; x_wconf 92' lang='lat' dir='ltr'><strong>de</strong></span> <span class='ocrx_word' id='word_1_124' title='bbox 1007 2914 1127 2983; x_wconf 95' lang='lat' dir='ltr'><strong>Naudo</strong></span> <span class='ocrx_word' id='word_1_125' title='bbox 1141 2936 1214 2980; x_wconf 90' lang='lat' dir='ltr'><strong>oum</strong></span> <span class='ocrx_word' id='word_1_126' title='bbox 1229 2917 1289 2980; x_wconf 89' lang='lat' dir='ltr'><strong>in-</strong></span> 
     </span>
    </p>
   </div>
   <div class='ocr_carea' id='block_1_6' title="bbox 242 3024 1288 3209">
    <p class='ocr_par' dir='ltr' id='par_1_6' title="bbox 242 3024 1288 3209">
     <span class='ocr_line' id='line_1_19' title="bbox 242 3024 1288 3116; baseline 0.011 -28"><span class='ocrx_word' id='word_1_127' title='bbox 242 3024 410 3093; x_wconf 86' lang='lat' dir='ltr'><strong>dumentis</strong></span> <span class='ocrx_word' id='word_1_128' title='bbox 438 3028 702 3096; x_wconf 88' lang='lat' dir='ltr'><strong>sacerdotalibus</strong></span> <span class='ocrx_word' id='word_1_129' title='bbox 728 3031 833 3116; x_wconf 91' lang='lat' dir='ltr'><strong>ipsius</strong></span> <span class='ocrx_word' id='word_1_130' title='bbox 860 3035 895 3098; x_wconf 87' lang='lat' dir='ltr'><strong>et</strong></span> <span class='ocrx_word' id='word_1_131' title='bbox 924 3030 1067 3116; x_wconf 89' lang='lat' dir='ltr'><strong>quodam</strong></span> <span class='ocrx_word' id='word_1_132' title='bbox 1092 3029 1194 3096; x_wconf 91' lang='lat' dir='ltr'><strong>anulo</strong></span> <span class='ocrx_word' id='word_1_133' title='bbox 1223 3052 1288 3102; x_wconf 90' lang='lat' dir='ltr'><strong>suo</strong></span> 
     </span>
     <span class='ocr_line' id='line_1_20' title="bbox 242 3159 468 3209; baseline 0.027 -6"><span class='ocrx_word' id='word_1_134' title='bbox 242 3159 468 3209; x_wconf 88' lang='lat' dir='ltr'><strong>reservamus.</strong></span> 
     </span>
    </p>
   </div>
   <div class='ocr_carea' id='block_1_7' title="bbox 191 3375 1134 3458">
    <p class='ocr_par' dir='ltr' id='par_1_7' title="bbox 191 3375 1134 3458">
     <span class='ocr_line' id='line_1_21' title="bbox 191 3375 1134 3458; baseline 0 -20"><span class='ocrx_word' id='word_1_135' title='bbox 191 3377 229 3441; x_wconf 69' lang='lat'><strong>20</strong></span> <span class='ocrx_word' id='word_1_136' title='bbox 330 3375 332 3378; x_wconf 48' lang='lat'><strong>⁴</strong></span> <span class='ocrx_word' id='word_1_137' title='bbox 378 3392 883 3449; x_wconf 77' lang='lat' dir='ltr'><strong>nasamounsslucrrsmc11</strong></span> <span class='ocrx_word' id='word_1_138' title='bbox 908 3392 1134 3458; x_wconf 73' lang='lat' dir='ltr'><strong>uovrounusrs</strong></span> 
     </span>
    </p>
   </div>
   <div class='ocr_carea' id='block_1_8' title="bbox 237 3589 1287 4137">
    <p class='ocr_par' dir='ltr' id='par_1_8' title="bbox 237 3589 1287 4137">
     <span class='ocr_line' id='line_1_22' title="bbox 237 3589 1286 3682; baseline 0 -24"><span class='ocrx_word' id='word_1_139' title='bbox 237 3614 239 3620; x_wconf 91' lang='lat'>·</span> <span class='ocrx_word' id='word_1_140' title='bbox 284 3597 407 3659; x_wconf 88' lang='lat' dir='ltr'><strong>Beatus</strong></span> <span class='ocrx_word' id='word_1_141' title='bbox 434 3592 562 3677; x_wconf 83' lang='lat' dir='ltr'><strong>Eligius</strong></span> <span class='ocrx_word' id='word_1_142' title='bbox 588 3591 825 3658; x_wconf 90' lang='lat' dir='ltr'><strong>Noviomensis</strong></span> <span class='ocrx_word' id='word_1_143' title='bbox 851 3592 1033 3682; x_wconf 40' lang='lat' dir='ltr'><strong>episcopus·</strong></span> <span class='ocrx_word' id='word_1_144' title='bbox 1056 3589 1143 3672; x_wconf 82' lang='lat' dir='ltr'><strong>fuit;</strong></span> <span class='ocrx_word' id='word_1_145' title='bbox 1188 3592 1286 3678; x_wconf 89' lang='lat' dir='ltr'><strong>cujus</strong></span> 
     </span>
     <span class='ocr_line' id='line_1_23' title="bbox 238 3705 1286 3784; baseline -0.003 -9"><span class='ocrx_word' id='word_1_146' title='bbox 238 3711 309 3776; x_wconf 83' lang='lat' dir='ltr'><strong>vita</strong></span> <span class='ocrx_word' id='word_1_147' title='bbox 328 3708 513 3776; x_wconf 83' lang='lat' dir='ltr'><strong>virtutibus</strong></span> <span class='ocrx_word' id='word_1_148' title='bbox 533 3707 668 3772; x_wconf 89' lang='lat' dir='ltr'><strong>claruit.</strong></span> <span class='ocrx_word' id='word_1_149' title='bbox 686 3705 850 3772; x_wconf 88' lang='lat' dir='ltr'><strong>Kalendis</strong></span> <span class='ocrx_word' id='word_1_150' title='bbox 866 3705 1065 3784; x_wconf 87' lang='lat' dir='ltr'><strong>decembris,</strong></span> <span class='ocrx_word' id='word_1_151' title='bbox 1079 3706 1186 3772; x_wconf 88' lang='lat' dir='ltr'><strong>vitam</strong></span> <span class='ocrx_word' id='word_1_152' title='bbox 1198 3705 1286 3773; x_wconf 89' lang='lat' dir='ltr'><strong>obti·</strong></span> 
     </span>
     <span class='ocr_line' id='line_1_24' title="bbox 238 3818 1287 3914; baseline -0.001 -28"><span class='ocrx_word' id='word_1_153' title='bbox 238 3824 313 3888; x_wconf 87' lang='lat' dir='ltr'><strong>nuit</strong></span> <span class='ocrx_word' id='word_1_154' title='bbox 337 3823 597 3907; x_wconf 87' lang='lat' dir='ltr'><strong>sempiternam;</strong></span> <span class='ocrx_word' id='word_1_155' title='bbox 632 3819 674 3885; x_wconf 88' lang='lat' dir='ltr'><strong>ad</strong></span> <span class='ocrx_word' id='word_1_156' title='bbox 692 3821 786 3905; x_wconf 87' lang='lat' dir='ltr'><strong>cujus</strong></span> <span class='ocrx_word' id='word_1_157' title='bbox 807 3818 996 3914; x_wconf 90' lang='lat' dir='ltr'><strong>sepulcrum</strong></span> <span class='ocrx_word' id='word_1_158' title='bbox 1022 3818 1095 3904; x_wconf 88' lang='lat' dir='ltr'><strong>egri</strong></span> <span class='ocrx_word' id='word_1_159' title='bbox 1116 3824 1287 3886; x_wconf 89' lang='lat' dir='ltr'><strong>sanantur</strong></span> 
     </span>
     <span class='ocr_line' id='line_1_25' title="bbox 240 3934 1286 4021; baseline -0.002 -19"><span class='ocrx_word' id='word_1_160' title='bbox 240 3938 486 4021; x_wconf 86' lang='lat' dir='ltr'><strong>quamplurimi.</strong></span> <span class='ocrx_word' id='word_1_161' title='bbox 504 3936 647 4021; x_wconf 84' lang='lat' dir='ltr'><strong>Capsam</strong></span> <span class='ocrx_word' id='word_1_162' title='bbox 669 3934 831 4001; x_wconf 89' lang='lat' dir='ltr'><strong>habemus</strong></span> <span class='ocrx_word' id='word_1_163' title='bbox 844 3955 904 4020; x_wconf 89' lang='lat' dir='ltr'><strong>per</strong></span> <span class='ocrx_word' id='word_1_164' title='bbox 920 3953 1039 4000; x_wconf 89' lang='lat' dir='ltr'><strong>manus</strong></span> <span class='ocrx_word' id='word_1_165' title='bbox 1057 3935 1214 4021; x_wconf 88' lang='lat' dir='ltr'><strong>proprias</strong></span> <span class='ocrx_word' id='word_1_166' title='bbox 1232 3936 1286 4021; x_wconf 93' lang='lat' dir='ltr'><strong>ip·</strong></span> 
     </span>
     <span class='ocr_line' id='line_1_26' title="bbox 238 4041 1282 4137; baseline -0.003 -19"><span class='ocrx_word' id='word_1_167' title='bbox 238 4054 309 4118; x_wconf 89' lang='lat' dir='ltr'><strong>sius</strong></span> <span class='ocrx_word' id='word_1_168' title='bbox 326 4041 536 4130; x_wconf 83' lang='lat' dir='ltr'><strong>fabricatam,</strong></span> <span class='ocrx_word' id='word_1_169' title='bbox 552 4053 586 4116; x_wconf 90' lang='lat' dir='ltr'><strong>in</strong></span> <span class='ocrx_word' id='word_1_170' title='bbox 603 4072 678 4137; x_wconf 88' lang='lat' dir='ltr'><strong>qua,</strong></span> <span class='ocrx_word' id='word_1_171' title='bbox 704 4057 742 4118; x_wconf 87' lang='lat' dir='ltr'><strong>ut</strong></span> <span class='ocrx_word' id='word_1_172' title='bbox 754 4051 878 4118; x_wconf 89' lang='lat' dir='ltr'><strong>dicitur</strong></span> <span class='ocrx_word' id='word_1_173' title='bbox 894 4055 926 4118; x_wconf 82' lang='lat' dir='ltr'><strong>et</strong></span> <span class='ocrx_word' id='word_1_174' title='bbox 941 4050 1032 4137; x_wconf 92' lang='lat' dir='ltr'><strong>pium</strong></span> <span class='ocrx_word' id='word_1_175' title='bbox 1051 4053 1103 4114; x_wconf 87' lang='lat' dir='ltr'><strong>est</strong></span> <span class='ocrx_word' id='word_1_176' title='bbox 1127 4048 1282 4129; x_wconf 87' lang='lat' dir='ltr'><strong>credere,</strong></span> 
     </span>
    </p>
   </div>
   <div class='ocr_carea' id='block_1_9' title="bbox 0 0 1400 4792">
    <p class='ocr_par' dir='ltr' id='par_1_9' title="bbox 0 0 1400 4792">
     <span class='ocr_line' id='line_1_27' title="bbox 0 0 1400 4792; baseline 0 1"><span class='ocrx_word' id='word_1_177' title='bbox 0 0 1400 4792; x_wconf 95' lang='lat' dir='ltr'><strong> </strong></span> 
     </span>
    </p>
   </div>
  </div>
 </body>
</html>
