2782 4786
655 462 857 529 ..242-

287 605 354 672 Pro
374 603 509 673 domino
539 605 695 689 iohanne
715 605 756 672 do
775 603 966 682 Valeriano,
991 600 1113 678 milite,
1136 617 1186 663 xx
1203 617 1231 662 s.
1254 600 1282 662 t.

272 731 343 791 Apud
355 731 510 779 Valerianum
523 744 597 793 supor
609 744 712 781 onnuum
723 728 960 780 Sancti-Volumni.

287 831 355 897 Pro
371 832 565 919 solempniis
585 832 847 922 antiphonarum
870 836 950 898 anto
970 828 1198 897 Nativitatem
1219 826 1287 891 Do-

243 947 338 1027 mini,
355 950 390 1013 vi
406 947 453 1015 lb.
469 954 504 1016 et
516 970 562 1015 xv
577 948 649 1038 s.'‚.t.

289 1073 356 1141 Pro
377 1073 529 1143 Guidone
544 1074 584 1142 da
599 1076 777 1155 FontaniS,
795 1075 977 1161 armigem,
991 1094 1013 1138 v
1030 1091 1058 1137 a.
1075 1074 1103 1137 t.

275 1191 368 1251 symon
384 1189 486 1239 Cornuti
504 1192 523 1238 ii
534 1204 555 1242 s.
569 1205 597 1251 p.

273 1281 397 1328 tierricus
408 1283 439 1327 de
452 1283 542 1330 Puteo.

273 1370 418 1428 stephanus
432 1371 538 1428 Toupot.

289 1471 357 1537 Pro
375 1469 511 1538 domina
529 1471 681 1537 Blancha
698 1468 738 1535 da
753 1470 930 1548 Fontanis,
945 1487 992 1533 xx
1014 1488 1042 1533 s,
1058 1469 1086 1532 t.

277 1596 359 1644 fluido
371 1596 396 1644 ln
406 1598 487 1644 Bruno
500 1610 515 1642 x
529 1602 550 1644 t.

279 1686 421 1743 bannerius,
434 1686 548 1743 clericus,
565 1699 582 1732 v
595 1698 617 1733 a.
633 1699 658 1736 a.
675 1686 715 1733 io.

278 1774 404 1824 iohannes
412 1776 495 1822 Bonna
509 1788 526 1821 v
542 1788 563 1823 s.
580 1778 598 1823 t.

295 1874 357 1938 Pro
373 1873 514 1938 Ecleiiuu
526 1874 566 1938 de
581 1874 813 1951 Rammeruoo,
829 1874 874 1937 iii
890 1891 918 1936 s.
930 1891 967 1956 p.

278 1989 388 2036 Titomaa
406 1991 516 2037 Plumet.

291 2089 359 2156 Pro
377 2092 541 2178 magistro
556 2090 721 2170 Guidone,
739 2090 911 2169 canonico,
929 2110 951 2156 v
972 2109 999 2155 s.
1016 2094 1044 2156 t.

278 2202 347 2252 Felix
359 2204 536 2254 Guillobodons
547 2207 577 2255 do
591 2206 742 2269 Saligniaoo.

293 2307 360 2373 Pro
375 2312 474 2395 prato
502 2309 605 2396 juxta
631 2294 805 2375 abbaciam
835 2305 1296 2382 Curio-Nostne-Domine,

247 2438 272 2488 x
291 2442 320 2489 s.
337 2444 370 2510 p.

280 2546 388 2595 (iilonnn
400 2544 531 2608 lluingote.

294 2646 362 2712 Pno
378 2652 530 2716 costuma
545 2647 585 2713 de
607 2647 791 2726 Montibus,
820 2648 946 2714 minam
968 2649 1084 2726 aveni,
1113 2648 1296 2735 gallinam,

249 2765 274 2831 ii
289 2783 406 2852 panes,
424 2765 483 2832 id.
498 2786 631 2832 census,

281 2882 310 2928 In
327 2878 449 2941 parochia
466 2881 482 2928 d
496 2882 639 2930 Montibus.

295 2979 361 3045 Pro
382 2980 480 3046 domo
500 2985 579 3047 ante
599 2984 736 3067 puteum
757 2980 867 3067 platee
891 2979 1134 3058 Sancti-Petri,
1163 3002 1187 3047 x
1213 3003 1242 3049 s,
1261 3006 1293 3071 p.

282 3096 366 3143 Petrus
382 3096 518 3145 Avunculi.

296 3187 364 3253 Pro
383 3186 481 3254 domo
496 3186 629 3276 lapidea
641 3186 683 3253 ad
695 3191 827 3274 portam
843 3188 1114 3266 Sancti-Leonis,
1127 3208 1201 3253 xxx
1213 3209 1241 3255 s,
1268 3195 1293 3255 t.

281 3303 378 3351 (toletus
390 3303 493 3351 Fillons.

294 3403 362 3470 Pro
378 3404 489 3471 tribus
503 3406 648 3472 camonis
669 3405 704 3470 in
722 3406 989 3493 Pargamenania
1001 3410 1036 3473 et
1050 3425 1118 3472 una
1137 3404 1297 3473 minima.

283 3520 375 3575 Quarta
387 3534 443 3581 pars
454 3519 638 3582 loquutionum.

292 3619 360 3685 Pro
375 3618 473 3687 domo
493 3627 610 3690 nostra
626 3621 666 3687 de
680 3622 878 3702 Marchello‚
898 3624 933 3688 in
955 3642 1021 3709 qua
1036 3626 1189 3691 moratur
1209 3624 1300 3692 Gro-

252 3737 368 3823 gorius
382 3734 423 3802 de
438 3738 574 3818 Malaio,
588 3760 636 3805 xx
649 3761 676 3807 s.
696 3761 729 3827 p.
747 3742 790 3806 ad
802 3738 1020 3807 Nativitatem
1039 3742 1175 3806 Domini
1198 3752 1232 3807 et
1253 3745 1300 3808 aa

251 3855 375 3936 festum
390 3853 702 3924 Sancti-lobannis.

295 3969 362 4035 Pro
384 3970 481 4037 domo
506 3975 684 4041 nostruin
709 3975 783 4041 vico
808 3974 1296 4056 Molineti-Sanoti-Johannis‚

251 4085 286 4149 in
319 4106 385 4171 qua
414 4093 567 4179 moratur
601 4089 814 4157 Thoobaldus
847 4092 1039 4172 Maserius,
1067 4094 1117 4159 xii
1139 4113 1166 4159 a.
1192 4116 1227 4181 p.
1249 4097 1301 4159 aci
