2790 4792
569 453 747 519 -51..

136 595 299 679 spiritum
314 592 531 671 exhalabant,
547 596 584 658 ut
600 593 634 657 in
641 593 723 660 Vita
738 597 772 660 et
786 594 959 659 Miraculis
971 595 1079 661 sancti
1091 593 1177 660 Gre-

131 709 226 794 gorii
243 709 421 795 reperitur.

226 959 402 1008 NARRATIO
427 960 472 1007 DE
496 959 733 1008 SEPTUAGINTA
753 959 884 1007 DUOBUS
906 960 1089 1008 DISCIPULIS

597 1074 719 1122 DOMINI

184 1289 282 1354 Inter
296 1286 414 1353 beatos
427 1290 462 1353 et
476 1286 642 1372 gloriosos
662 1284 778 1352 fideles
793 1285 980 1352 salvatoris
1000 1289 1034 1352 et
1055 1286 1180 1352 amicos

135 1403 216 1483 illos
232 1404 389 1490 precipue
407 1402 564 1468 uenerari
588 1400 686 1468 debet
705 1400 856 1466 Ecclesia
877 1420 959 1486 quos
976 1401 1047 1487 ipse
1072 1400 1182 1466 Domi·

139 1542 206 1588 nus
222 1523 257 1587 in
274 1540 375 1588 carne
390 1539 530 1607 presens
544 1539 605 1606 per
625 1519 770 1606 seipsum
790 1518 904 1606 elegit.
931 1494 1078 1594 Quorum
1093 1517 1180 1584 oculi

138 1637 233 1703 beati
249 1637 307 1723 qui
326 1636 362 1700 in
381 1655 482 1702 carne
504 1635 682 1713 Dominum
704 1638 894 1720 presentem
909 1634 1025 1702 videre
1048 1653 1182 1701 merue-

135 1750 242 1818 runt!

185 1866 282 1932 Inter
316 1885 399 1951 quos
431 1866 541 1942 sancti
582 1865 726 1951 apostoli
760 1865 906 1951 primum
935 1866 1052 1951 procul
1080 1866 1230 1946 dubio10

139 1982 251 2047 locum
279 1984 408 2048 tenent.
434 1979 498 2046 Sed
514 1982 670 2066 quoniam
691 1965 935 2068 Euvangclium
967 1980 1095 2049 Christi
1121 2000 1182 2068 per

137 2096 301 2162 mundum
330 2098 523 2165 universum
544 2096 784 2184 divulgandum
813 2101 887 2164 erat
916 2101 951 2165 et
977 2116 1181 2184 perpaucos

139 2213 318 2281 universas
348 2212 465 2277 mundi
494 2213 649 2279 nationes
685 2212 798 2279 doceri
829 2211 964 2278 difficile
988 2211 1179 2290 uidebatur,

139 2332 320 2413 eapropter
335 2326 527 2413 designauit
543 2328 703 2393 Dominus
716 2331 751 2394 et
764 2327 849 2394 alios
869 2328 1086 2413 septuaginta
1099 2326 1183 2393 duos

139 2441 323 2528 discipulos
338 2464 346 2522 ;
365 2441 406 2508 de
421 2462 561 2528 quorum
580 2462 720 2509 numero
733 2441 827 2508 fuere
841 2441 1018 2528 pontifices
1035 2445 1069 2508 et
1090 2460 1184 2507 mar-

137 2562 237 2643 tyres
272 2557 422 2634 Christi,
458 2558 567 2624 sancti
602 2557 805 2623 Savinianus
832 2560 866 2624 et
897 2555 1125 2622 Potencianus
1148 2560 1182 2622 et

139 2693 257 2740 eorum
271 2672 475 2742 venerabilis
487 2672 628 2760 collega,
644 2676 783 2739 sanctus
792 2675 925 2758 martyr
934 2670 1083 2738 Altinus.
1094 2670 1183 2746 Quos

139 2789 296 2874 deniquo,
318 2790 407 2856 sicut
435 2788 605 2874 apostolos
633 2789 746 2874 passio
782 2787 915 2854 Domini
946 2787 1181 2865 contristavit,

137 2903 346 2970 resurrectio
375 2879 575 2985 letificavit,
595 2903 868 2988 ascensionisque
896 2904 1049 2991 potentie
1078 2903 1184 2968 mira-

105 3068 110 3077 .
137 3017 220 3084 bilis
239 3015 282 3084 ad
297 3017 478 3106 cogitanda
494 3017 633 3085 celestia
654 3019 862 3105 provocavit.
877 3019 921 3085 Et
936 3017 1015 3083 dum
1036 3019 1233 3105 comple-20

138 3138 262 3200 rentur
291 3134 362 3200 dies
392 3134 635 3203 Penthecostes
663 3157 738 3201 cum
763 3125 840 3202 aliis
873 3138 971 3202 erant
999 3135 1128 3221 pariter
1147 3134 1183 3205 in

138 3247 258 3315 eodem
272 3249 344 3317 loco
371 3255 406 3318 et
428 3251 548 3338 repleti
576 3257 656 3319 sunt
676 3251 941 3338 Spiritu-Sancto
961 3255 996 3321 et
1024 3253 1184 3336 ceperunt

138 3364 234 3450 loqui
247 3366 352 3433 variis
369 3357 506 3454 linguis,
525 3372 626 3454 prout
642 3367 946 3456 Spiritus-Sanctus
960 3368 1063 3435 dabat
1071 3367 1183 3453 eloqui

139 3478 225 3544 illis.
683 3539 686 3543 .

196 3592 223 3659 Ο
253 3599 423 3682 martyres
455 3598 564 3664 sancti
603 3602 638 3665 et
672 3598 786 3677 beati,
830 3620 850 3665 o
886 3598 1185 3667 misericordeset

140 3709 298 3796 propicii,
316 3731 335 3777 0
353 3715 509 3808 potentes
529 3717 565 3781 et
580 3713 813 3800 benignissimi
828 3715 963 3801 patroni
981 3715 1103 3792 nostri,
1125 3735 1185 3800 per

137 3825 516 3894 uestrum-habitantes¹
531 3827 567 3894 in
587 3830 795 3919 monasterio
822 3849 886 3914 quo
908 3832 1025 3896 vestre
1044 3848 1185 3917 corpora

137 3941 363 4009 continentur
379 3941 578 4011 delictorum
593 3944 728 4011 veniam
742 3943 914 4031 percipere
926 3943 1063 4011 valeant
1076 3944 1185 4012 inter-

134 4060 292 4124 ventum.
513 4058 517 4063 '
