2790 4792
595 409 795 478 -219-

219 555 373 622 obierant
391 555 463 639 Oda,
482 556 592 622 dictas
604 556 793 637 Blandiaar,
816 557 855 620 dc
872 556 1015 620 accitas
1029 565 1059 620 et
1074 557 1200 623 Basilia

173 673 211 737 dc
227 672 494 756 Clampiuaiaca,
518 674 590 754 ejice
603 692 701 751 aaor,
719 682 877 756 parentes
895 673 1026 737 domiai
1038 673 1149 739 laccbi
1162 674 1201 738 de

175 788 443 872 dtampiaaiaco,
463 791 596 854 ecclesie
612 797 724 854 austra
736 790 869 870 abbatie,
889 809 952 871 pro
971 809 1113 872 quarata
1135 809 1202 854 aa·

173 910 360 972 aicersaria
381 911 421 972 ia
436 909 569 973 ecclesia
588 913 701 970 austra
722 907 887 987 faciendo,
911 907 1003 970 babet
1018 915 1201 971 convectas
1326 920 1328 925 ’

173 1032 383 1107 superpicta
409 1023 562 1106 defuncti
586 1021 752 1091 Tlteabaldi
770 1023 809 1086 de
832 1020 991 1087 Cortaoiw
1016 1026 1084 1088 sita
1109 1024 1200 1106 apud
1321 1092 1324 1097 ,

174 1139 427 1223 Serviqaiacaai
442 1159 504 1222 qae
518 1139 608 1204 idaci
620 1140 717 1204 abbas
727 1138 911 1221 adquisivit
923 1141 984 1202 avi
998 1158 1023 1201 c.
1044 1148 1067 1204 t.

216 1257 249 1321 8.
266 1290 309 1307 -
323 1255 358 1342 V*
369 1255 435 1320 Yd.
450 1289 493 1304 -
506 1253 647 1322 Ottabes
660 1253 1034 1320 Omnium-Sanctorum.
1051 1253 1123 1318 Hac
1136 1253 1201 1331 die,

175 1369 275 1437 habet
299 1375 481 1437 conventus
501 1390 603 1436 unum
630 1370 812 1436 sexterinm
833 1369 937 1446 ordei,
957 1389 1056 1455 super
1071 1369 1205 1435 domum

175 1486 262 1551 dicte
298 1485 331 1552 la
362 1487 506 1573 Begesse
538 1484 746 1574 (Begausse)
771 1484 857 1572 apud
896 1485 1202 1573 Maleynm·Regis‚

172 1602 272 1687 juxta
287 1601 419 1667 domum
433 1600 581 1669 defuncti
592 1602 704 1680 Hueti,
723 1602 867 1679 closerii‚
881 1607 916 1669 et
933 1602 961 1666 si
976 1601 1126 1668 defectus
1140 1601 1207 1668 fue-

177 1719 222 1785 rit
236 1719 271 1783 in
295 1719 473 1793 solutione,
496 1722 679 1786 conventus
698 1723 810 1805 potest
825 1738 955 1804 capere,
979 1738 1039 1806 pro
1059 1717 1159 1784 ordeo
1174 1722 1208 1786 et

176 1854 234 1920 pro
250 1833 401 1913 emenda,
420 1839 552 1903 tantum
566 1840 727 1920 quantum
742 1854 802 1923 pro
818 1854 930 1901 censu.

207 1953 362 1999 laurencius
378 1953 485 1999 Filliuau
498 1955 528 1998 de
545 1954 748 2011 Melana-Recte.

220 2042 252 2107 9.
269 2077 310 2091 -
325 2041 394 2106 IIII
407 2038 472 2106 Yd.
490 2075 532 2092 -·
547 2041 637 2107 Obiit
658 2040 867 2124 GuillelmuS,
893 2042 1000 2123 miles
1024 2040 1065 2106 de
1080 2043 1208 2108 Fonta-

177 2157 241 2234 nis‚
254 2176 315 2242 pro
327 2175 390 2242 quo
401 2155 503 2224 habet
520 2161 715 2234 cantentur,
728 2177 827 2244 super
838 2155 974 2224 'domum
990 2162 1068 2224 ante
1080 2178 1211 2224 monas-

176 2274 298 2341 terium
311 2272 794 2359 Sancti-Petri-de-Dongiune
810 2294 884 2339 cum
900 2275 1130 2340 anniversaria
1150 2273 1209 2339 de·

179 2389 283 2455 functi
299 2388 439 2472 Anselli,
471 2388 601 2466 militis,
628 2393 666 2456 ut
694 2390 728 2453 in
756 2389 880 2456 litteris
902 2389 1102 2478 Senonensis
1119 2389 1210 2453 curie

178 2506 381 2582 continetur,
398 2506 433 2569 ix
453 2525 480 2570 s.
492 2526 539 2591 p.,
557 2503 637 2571 vid.
656 2503 850 2586 elemosina,
863 2508 897 2570 et
917 2504 1205 2590 vid.pulsat0res.
1334 2556 1338 2566 .

207 2621 296 2668 Abbas.

221 2712 306 2778 Item
330 2709 412 2777 obiit
434 2710 590 2792 Michael,
617 2710 886 2797 archiepiscopus
920 2709 1121 2776 Senonensis
1149 2729 1209 2795 pro

178 2849 240 2915 quo
260 2827 362 2894 habet
385 2832 578 2904 conventus,
605 2847 704 2913 super
722 2831 851 2913 partem
873 2826 998 2892 decime
1023 2827 1062 2894 de
1086 2828 1210 2893 Pareto

176 2944 272 3028 juxta
288 2943 654 3010 Sanctum-Ferreolum
677 2962 775 3028 quem
798 2943 1029 3029 adquisierunt
1051 2939 1209 3029 parentes

178 3060 250 3146 ejus
276 3058 317 3126 ad
339 3058 527 3127 faciendum
543 3059 811 3126 anniversarium
824 3058 906 3126 dicti
921 3059 1107 3142 Michaelis,
1125 3062 1161 3124 ix
1180 3078 1208 3125 s.

179 3198 227 3262 p.,
241 3176 315 3242 vid.
331 3177 523 3260 elemosina,
540 3177 574 3242 vi
598 3176 798 3262 pulsatores,

212 3293 302 3339 ebbae.

227 3385 279 3449 10.
292 3421 335 3430 -
354 3383 404 3448 ΙΙΙ
421 3383 487 3448 Yd.
503 3418 547 3433 -
566 3381 657 3450 Obiit
672 3384 770 3470 Hugo
783 3382 885 3461 Gade,
902 3382 1054 3463 aleriam,
1073 3401 1134 3469 pro
1146 3368 1213 3466 ¹quo

181 3499 282 3566 hebet
304 3506 499 3581 conventus,
518 3520 616 3585 super
633 3504 759 3566 terrem
770 3499 870 3586 juxte
883 3499 971 3565 viam
987 3519 1049 3583 que
1063 3497 1154 3565 ducit
1171 3497 1212 3563 ad

182 3620 292 3683 ortum
317 3615 559 3695 Sancti-Petri,
576 3617 625 3682 xii
642 3636 669 3683 s.
692 3639 725 3703 p.

228 3734 314 3799 Item
327 3733 482 3800 obierunt
498 3733 574 3800 Gilo
600 3733 707 3800 Bodet
724 3736 757 3800 et
774 3736 883 3799 mater
901 3731 985 3818 ejuS,
1011 3751 1071 3817 pro
1095 3731 1213 3816 quibus

183 3849 284 3916 habet
309 3853 503 3927 conventus
528 3868 627 3936 super
646 3848 829 3935 predictam
850 3852 975 3912 terram
991 3848 1027 3912 iii
1045 3868 1070 3912 s,
1092 3869 1124 3933 p.
1147 3846 1217 3914 sol-

184 3968 306 4033 vendos
330 3967 365 4031 in
378 3969 525 4035 crastino
542 3967 817 4033 Sancti-Martini
834 3966 1011 4052 hyemalis.

215 4085 304 4134 Relicta
317 4084 368 4132 nde
382 4083 473 4143 Lepiet.
