2790 4792
694 402 871 472 -92-

310 547 374 613 Isti
400 564 460 612 sex
480 543 618 614 fuerunt
640 545 895 633 archiepiscopi.
917 542 1047 632 Sepulti
1076 545 1168 613 inter
1196 545 1307 613 eccle-

271 664 355 728 siam
372 661 487 729 Sancti
502 661 674 728 Saviniani
687 665 721 728 et
734 660 879 748 primam
892 659 1065 727 basilicam
1080 659 1197 729 Sancti
1213 661 1308 728 Sero

271 780 348 858 tini,
372 784 410 846 ut
435 779 471 842 in
487 776 663 866 privilegio
678 776 834 844 Clodovei
858 777 950 865 regis
971 776 1057 862 quod
1077 775 1170 845 dedit
1188 797 1309 844 mona·

273 895 377 964 sterio
395 894 510 963 Sancti
531 895 625 963 Petri
649 895 854 962 continetur.
872 895 972 962 Vitas
993 894 1140 983 ipsorum
1166 896 1307 982 ignora-

271 1031 367 1090 mus;
396 1029 473 1075 nam
499 1011 623 1097 pagani
646 1009 750 1076 libros
778 1014 812 1077 et
843 1008 1034 1096 sepulturas
1054 1029 1129 1076 cum
1157 1010 1309 1076 ecclesiis

273 1126 525 1195 destruxerunt.

313 1243 467 1311 Snucrus
489 1243 684 1310 Unsrcruus.
701 1241 818 1309 Vitam
834 1241 933 1308 istius
949 1241 1109 1329 scriptam
1130 1240 1305 1320 habemus,

271 1363 305 1426 et
317 1376 436 1445 corpus
456 1357 528 1444 ejus
542 1362 659 1427 nostro
676 1356 884 1424 monasterio
901 1358 1104 1424 continetur.

315 1474 531 1539 Turonoaus.
554 1464 619 1539 Hic
634 1472 747 1560 jacuit
762 1472 798 1537 in
813 1470 990 1558 cymiterio
1010 1473 1213 1541 Sanctorum
1230 1475 1307 1541 Ger·

227 1591 360 1654 lovcsii
379 1597 410 1653 ct
428 1585 601 1654 Prothurii
618 1587 680 1672 (l).

314 1702 482 1770 S1cu1uus.
499 1703 564 1769 Hic
579 1703 692 1791 jacuit
708 1702 743 1768 in
764 1702 879 1769 eodem
896 1703 1083 1789 cymiterio.

314 1818 468 1887 Snncrus
482 1819 690 1887 Annnoswr.
711 1819 781 1886 Iste
799 1819 835 1884 in
858 1823 976 1886 nostro
995 1820 1203 1887 monasterio
1227 1841 1308 1886 con·

272 1934 412 2001 tinetur.

317 2051 470 2119 Saucius
492 2051 673 2119 Aemulus.
702 2050 768 2116 Hic
791 2049 825 2115 iu
842 2053 959 2118 nostro
980 2050 1185 2118 monasterio
1200 2052 1312 2119 conti-

274 2171 385 2234 netur.

315 2283 470 2351 Seuerus
493 2283 677 2350 Ennomus.
695 2281 759 2347 Hic
778 2301 800 2347 a
822 2281 1028 2348 monasterio
1045 2279 1162 2348 Sancti
1180 2280 1313 2348 lohan-

273 2399 326 2465 nis
340 2399 376 2464 in
390 2399 551 2485 majorem
569 2398 744 2465 ecclesiam
756 2396 944 2465 translatus
962 2400 1027 2463 est.

316 2513 471 2581 Seuerus
495 2513 643 2580 Plutus.
660 2513 735 2592 Hic,
756 2512 865 2579 frater
878 2510 1138 2598 predecessoris,
1151 2510 1218 2579 luit
1238 2531 1313 2578 cum

273 2650 312 2695 eo
327 2628 526 2696 translatus.

227 2751 264 2813 20
320 2744 473 2811 Seuerus
491 2745 572 2811 Lno.
600 2745 714 2811 Hicin
740 2748 857 2812 nostro
873 2743 1078 2810 monasterio
1103 2743 1313 2830 continetur.

320 2859 569 2927 Oousuruurus.

324 2975 478 3042 Seuerus
501 2976 718 3043 Anrnnnnus.

323 3092 477 3159 Saucuus
502 3091 629 3158 Lupus,
656 3091 812 3178 Sepultus
833 3091 897 3159 fuit
921 3089 963 3156 ad
991 3088 1090 3176 pedes
1113 3096 1231 3156 sancte
1251 3088 1318 3156 Co-

279 3206 402 3273 lumbe.

322 3323 478 3390 Saucius
499 3322 659 3390 Anarus.

323 3435 516 3504 Munnruus.

310 3695 344 3761 (l)
353 3697 386 3744 Lu
395 3696 474 3744 meme
483 3697 563 3758 main,
576 3697 606 3745 de
620 3697 644 3744 la
655 3696 690 3744 fin
704 3696 738 3744 du
749 3701 807 3745 x111·
816 3693 899 3758 siecle,
911 3693 974 3742 dont
986 3706 1051 3741 nous
1063 3706 1141 3742 avons
1150 3692 1208 3754 deit
1219 3697 1318 3756 signnle

280 3788 399 3848 quelques
421 3787 569 3836 corrections
580 3792 604 3834 et
616 3787 661 3847 qui
676 3801 690 3833 a
704 3788 793 3834 annoto
806 3787 830 3833 ln
849 3785 904 3833 liste
923 3785 966 3832 des
987 3785 1154 3844 ercheveques
1168 3784 1183 3831 d
1196 3787 1274 3846 partit
1288 3788 1320 3836 de

281 3877 398 3930 Seoinue.
415 3877 522 3935 aajoule
535 3877 571 3924 les
591 3880 654 3925 mota
674 3876 803 3936 imprimes
817 3875 850 3924 ici
863 3888 895 3922 en
915 3873 1075 3934 italiques.11
1091 3888 1109 3934 y
1130 3876 1199 3923 avait
1216 3877 1318 3925 d'ulrord

280 3967 347 4024 jacet
358 3979 391 4014 nu
405 3965 457 4015 lieu
469 3967 500 4014 de
508 3968 588 4024 jacuit
600 3967 657 4027 puis
669 3967 697 4013 in
711 3966 842 4025 cymiterio
850 3966 981 4028 'Sanct....;
995 3962 1125 4013 dl'urticle
1136 3966 1240 4015 suivant
1250 3969 1318 4025 jacet

284 4055 385 4103 attede
399 4055 478 4103 meme
489 4056 583 4116 corrige
594 4069 624 4104 en
635 4057 723 4115 jacuit.
