2790 4792
591 455 791 524 -275-

173 602 257 666 simo
274 599 430 679 secundo,
443 599 626 668 indictione
639 598 828 678 undecima,
845 597 1064 672 mensis‚vero
1081 616 1215 665 novem·

172 716 243 782 bris
259 715 313 783 die
328 719 412 796 xvi³,
430 717 646 805 pontificatus
667 716 873 783 sanctissimi
890 716 924 780 in
946 713 1081 782 Christo
1105 715 1213 801 patris

175 838 209 900 et
226 834 352 900 domini
369 835 478 903 nostri
497 834 562 914 Pii,
578 834 693 900 divina
721 831 934 925 providentia
957 852 1042 920 pape
1061 831 1209 910 secundi,

177 971 265 1017 anno
284 956 417 1038 quarto

209 1105 244 1150 En
257 1104 344 1164 regurd
356 1104 400 1151 dos
419 1104 559 1165 sigualures
575 1103 617 1150 des
631 1104 737 1150 notaires
750 1116 784 1150 on
798 1103 825 1150 lit
842 1103 877 1151 los
889 1104 1014 1152 mentions
1027 1104 1171 1153 suivanles:

222 1213 266 1279 Et
295 1232 369 1298 ego,
398 1210 609 1278 Theobaldus
637 1200 816 1291 Laurent,
833 1212 1037 1278 Senonensis
1064 1211 1215 1299 publicus

177 1329 381 1395 auctoritate
417 1328 603 1416 apostolica
636 1329 805 1408 notarius,
827 1328 1095 1416 venerabilisque
1125 1330 1216 1395 curie

178 1444 380 1510 Senonensis
396 1443 532 1512 tabellio
553 1445 700 1532 juratus,
730 1446 809 1533 quia
829 1446 1060 1533 prenominata
1076 1463 1218 1511 venera-

177 1559 255 1628 bilis
288 1559 472 1628 confratria
506 1563 756 1646 constitucioni‚
793 1561 1003 1630 ordinacioni
1031 1563 1218 1651 ceterisque

180 1677 354 1763 premissis
371 1676 524 1744 omnibus
540 1682 573 1744 et
596 1678 739 1764 singulis
759 1677 906 1747 modoet
923 1677 1032 1747 forma
1046 1658 1220 1767 preinser-

178 1795 236 1871 tis,
253 1793 366 1871 dictis,
382 1792 484 1860 factis
510 1799 545 1860 et
569 1795 721 1861 actitatis
741 1814 809 1861 una
832 1815 908 1860 cum
925 1795 1059 1863 notario
1086 1794 1218 1882 publico

182 1908 383 1997 subscripta
409 1908 561 1989 interlui,
581 1930 685 1997 eaque
710 1913 759 1976 sic
779 1908 854 1977 fieri
877 1909 997 1978 vidiat
1016 1909 1143 1989 audiri,
1165 1909 1219 1976 id·

182 2028 270 2091 circo
312 2025 524 2113 presentibus
561 2027 686 2093 litteris
722 2047 781 2092 seu
814 2029 964 2114 presenti
993 2028 1219 2096 instrumento

182 2143 222 2207 de
232 2144 331 2230 jussu
346 2141 574 2230 predictorum
596 2141 806 2209 dominorum
823 2143 955 2211 abbatis
978 2150 1013 2212 et
1037 2150 1221 2214 conventus

182 2259 506 2347 confectisdsignum
529 2279 639 2325 meum
659 2259 827 2347 publicum
851 2280 919 2325 una
944 2280 1018 2326 cum
1035 2258 1221 2348 sigillorum

184 2377 331 2462 ipsorum
346 2378 550 2463 appensione
567 2377 602 2441 in
619 2377 850 2444 testimonium
869 2377 1109 2463 premissorum
1126 2395 1224 2464 appo·

184 2494 234 2558 sui
255 2498 463 2571 consuetum,
483 2493 667 2580 requisitus
684 2493 876 2580 specialiter
891 2498 926 2560 et
935 2495 1087 2580 rogatus.

227 2610 352 2676 Verum
368 2610 447 2696 quia
466 2629 527 2696 ego
541 2610 713 2676 lohannes
729 2609 883 2689 Pochon,
896 2609 1037 2676 clericus
1049 2609 1224 2676 Morinen·

184 2726 231 2791 sis
252 2725 419 2811 dyocesis,
445 2726 480 2789 in
501 2725 631 2793 artibus
652 2727 828 2814 magister,
844 2725 996 2813 publicus
1021 2724 1224 2793 auctoritate

183 2841 379 2927 apostolica,
390 2841 547 2926 curieque
559 2841 761 2908 venerabilis
772 2841 975 2910 Senonensis
988 2842 1154 2921 notarius,
1166 2860 1224 2906 seu

183 2956 320 3024 tabellio
328 2958 477 3044 juratus,
494 2956 786 3027 confraternitatis
807 2979 867 3024 seu
881 2957 1065 3026 confratrie
1087 2976 1225 3045 supras-

186 3076 292 3163 cripte
307 3076 553 3143 ¹constitucioni
574 3081 608 3144 et
624 3075 833 3143 ordinacioni
852 3076 1038 3162 ceterisque
1051 3070 1225 3160 premissis

188 3191 342 3257 omnibus
356 3197 390 3260 et
410 3192 564 3280 singulm,
582 3192 660 3259 dum
678 3196 738 3274 sic,
757 3200 795 3263 ut
811 3215 913 3282 supra
930 3194 1134 3270 scribuntur,
1145 3211 1228 3280 age·

187 3312 316 3390 rentur,
342 3306 533 3377 dicerentur
548 3313 583 3376 et
596 3308 729 3389 fierent,
754 3331 822 3376 una
843 3330 918 3377 cum
939 3309 1073 3376 notario
1089 3328 1228 3395 supras-

188 3423 309 3510 cripto,
327 3444 465 3511 presens
484 3424 546 3504 fui,
557 3445 661 3512 eaque
676 3427 725 3492 sic
739 3424 815 3493 fieri
828 3425 898 3494 vidi
912 3431 947 3494 et
963 3424 1088 3505 audivi,
1103 3423 1227 3491 idcirco

189 3538 253 3605 hoc
267 3560 405 3627 presens
421 3541 589 3628 publicum
605 3543 882 3623 instrumentum,
903 3542 944 3609 de
951 3543 1051 3631 jussu
1064 3540 1228 3629 predicto·

190 3675 265 3722 rum
279 3656 520 3724 venerabilium
538 3658 748 3726 dominorum
759 3659 892 3727 abbatis
911 3662 946 3727 et
962 3663 1146 3727 conventus
1161 3657 1229 3725 lac·

190 3776 262 3838 tum
277 3778 312 3839 et
328 3771 617 3862 conditum,signo
633 3795 706 3841 meo
720 3773 851 3864 publico
866 3796 934 3841 una
948 3796 1023 3843 cum
1036 3775 1228 3863 sigillorum

190 3887 381 3956 eorumdem
404 3890 646 3957 venerabilium
679 3893 896 3981 appensione,
922 3893 957 3958 in
988 3892 1229 3980 premissorum

190 4003 291 4073 fidem
306 4009 340 4074 et
356 4006 600 4088 testimonium,
618 4008 752 4097 signavi
769 4009 954 4096 requisitus
975 4012 1010 4078 et
1029 4011 1185 4097 rogatus.
