2790 4792
670 352 852 418 ,56-

231 495 293 559 bus
334 495 517 579 imperant.
554 492 806 578 uirtutibusque
849 493 1066 571 choruscant,
1103 491 1284 575 presentia

230 608 432 694 despiciunt,
452 614 606 672 eternam
620 608 769 691 patriam
779 605 918 672 uocibus
935 604 1151 689 moribusque
1165 604 1281 690 predi·

233 728 325 799 cant,
348 723 451 787 ctiam
477 720 653 786 moriendo
667 721 815 806 diligunt
835 725 937 805 atque
956 719 1000 785 ad
1015 720 1109 784 illam
1127 739 1189 804 per
1207 724 1285 785 tor-

232 843 348 903 menta
377 837 597 921 pertingunt;
626 837 684 901 alii
712 836 804 901 ferro
834 837 1012 921 perempti,
1045 835 1105 899 alii
1134 833 1284 898 flammis

234 953 358 1032 exusti,
377 951 436 1016 alii
454 949 769 1036 flagrisverberati‚
786 951 846 1014 alii
860 949 1014 1015 uectibus
1025 948 1204 1034 perforati,
1223 948 1285 1013 alii

232 1066 383 1152 patibulo
402 1066 557 1142 cruciati,
576 1065 635 1129 alii
652 1064 764 1151 pelagi
782 1066 933 1150 periculo
957 1064 1115 1140 demersi,
1136 1063 1195 1127 alii
1213 1064 1284 1129 vivi

234 1183 410 1254 decoriati,
430 1182 488 1245 alii
504 1181 630 1266 linguis
648 1181 788 1265 priuati,
805 1181 864 1244 alii
883 1179 1052 1266 lapidibus
1075 1178 1202 1255 obruti,
1224 1178 1285 1243 alii

235 1296 418 1381 frigoribus
433 1294 562 1374 afflicti,
588 1295 648 1360 alii
667 1294 757 1360 fame
770 1296 927 1372 cruciati,
945 1295 1003 1358 alii
1017 1313 1099 1361 vero
1109 1295 1285 1360 truncatis

235 1410 393 1477 membris
410 1409 635 1494 spectaculum
648 1409 851 1476 contumelie
860 1411 895 1475 in
903 1409 1036 1496 populis
1049 1408 1131 1474 nudi
1143 1414 1286 1493 propter

189 1526 415 1591 l0Dominum
439 1528 672 1609 portaverunt.
704 1524 794 1600 Quos
824 1529 903 1609 post
928 1523 1100 1610 apostolos
1121 1525 1284 1588 uenerari

239 1637 340 1705 debet
365 1637 526 1714 Ecclesia,
549 1657 627 1702 nam
655 1638 792 1704 calicem
814 1640 947 1704 Domini
972 1637 1142 1714 biberunt,
1169 1641 1206 1702 et
1232 1637 1288 1701 la-

238 1757 358 1819 vantes
379 1753 483 1818 stolas
497 1773 589 1830 suas,
605 1751 849 1819 dealbaverunt
869 1773 927 1818 eas
948 1755 984 1817 in
1000 1753 1165 1838 sanguine
1177 1751 1284 1837 Agni,

239 1868 422 1934 hlultorum
455 1871 643 1952 martyrum
676 1888 818 1954 corpora
848 1889 907 1933 seu
942 1868 1104 1952 reliquias
1143 1886 1288 1932 conser-

240 2002 372 2048 ramus.

240 2232 284 2277 DE
307 2231 428 2278 LAPIDE
447 2232 517 2278 CUM
543 2231 609 2288 Quo
633 2230 763 2277 BEATUS
779 2216 976 2278 saturninos
993 2226 1184 2276 LAPIDA'I'US
1205 2227 1291 2274 nolu

544 2348 588 2393 ET
611 2348 655 2394 DE
678 2347 848 2395 SANGUINE
871 2347 980 2394 IPSIUS

285 2559 382 2623 Anno
408 2557 448 2623 ab
460 2559 694 2624 incarnatione
713 2556 841 2623 Christi
857 2557 1039 2634 xxxllr,
1061 2554 1177 2620 eodem
1197 2575 1292 2622 anno

242 2676 312 2758 ipse
341 2673 497 2739 Salvator
526 2673 614 2738 celos
645 2671 810 2748 ascendit,
836 2676 869 2738 et
892 2671 1007 2736 eodem
1036 2690 1125 2735 anno
1150 2677 1294 2738 sanctus

242 2787 497 2872 prothomartyr
511 2787 701 2871 Stephanus
714 2805 774 2871 pro
789 2787 934 2851 veritate
949 2806 970 2850 a
984 2786 1002 2849 J
1006 2785 1100 2849 udeis
1116 2785 1293 2870 lapidatus
1346 2856 1348 2860 Α

195 2895 234 2958 20
245 2906 308 2967 est.
322 2900 501 2986 Cujusdam
514 2900 636 2985 lapidis
652 2900 691 2964 de
707 2899 885 2984 lapidibus,
900 2919 974 2964 cum
988 2899 1107 2985 quibus
1118 2899 1295 2984 lapidatus

245 3015 321 3097 luit,
346 3015 593 3100 portiunculam
623 3012 806 3090 habemus;
828 3018 862 3079 et
892 3013 1031 3097 reliquie
1060 3012 1100 3077 de
1124 3016 1295 3100 sanguine
1391 3081 1394 3088 ,

245 3132 350 3217 ipsius
390 3151 463 3196 cum
501 3133 693 3196 sanctorum
730 3129 952 3195 Innocentum
986 3129 1139 3214 reliquiis
1174 3132 1292 3196 conti-

247 3248 383 3311 nentur.

403 3495 446 3541 DE
467 3493 619 3541 CORPORE
642 3493 763 3542 sanem
783 3493 931 3542 nonnum
954 3492 1131 3540 MARTYRIS

292 3707 434 3772 Sanctus
448 3708 581 3790 martyr
595 3704 763 3770 Eodaldus
786 3705 895 3769 sancti
915 3703 1088 3769 Saviniani
1105 3702 1171 3769 fuit
1187 3702 1297 3768 disci-

248 3821 345 3905 pulus
365 3826 398 3888 et
418 3840 490 3885 cum
511 3820 609 3886 beato
629 3819 745 3884 Altino
768 3819 974 3895 Aurelianis
1003 3817 1163 3894 Carnot0,
1188 3818 1296 3884 Pari·

249 3936 318 3999 sius
334 3941 368 4002 et
386 3937 544 4004 Cristoilo
565 3937 744 4003 veritatem
762 3935 885 4002 docuit.
905 3932 1124 4002 Postmodum
1146 3933 1296 4000 Senonis
