2790 4792
551 453 749 520 -116-

134 598 291 664 veritatis
316 596 418 664 vadat
449 597 490 663 ad
510 598 629 675 celum,
659 596 747 663 dixit
777 592 1059 681 spiculatoribus:
1088 592 1172 656 Fra-

133 719 206 781 tres
225 715 303 791 mei,
321 714 467 781 recedite
481 715 651 801 paululum
667 734 687 779 a
707 733 771 790 me,
787 716 825 779 ut
839 732 930 777 orem
944 730 1006 797 pro
1021 708 1116 776 vobis
1131 705 1172 770 ad

136 831 325 896 Dominum.
348 831 457 896 Atilii
482 829 645 896 dederunt
661 830 821 921 spacium.
845 830 938 892 Tune
952 825 1093 893 flectens
1114 845 1172 911 ge·

134 968 201 1011 nua
222 949 257 1011 in
283 951 374 1012 terra
394 951 512 1014 contra
531 948 707 1024 orientem,
726 947 836 1012 oravit
863 945 976 1010 dicens
992 964 1000 1006 :
1018 944 1168 1021 Domine,

27 1104 30 1112 ,
83 1036 84 1041 ἵ
134 1061 222 1124 Deus
237 1061 461 1145 omnipotens,
484 1060 540 1146 qui
567 1059 719 1125 liberasti
735 1080 787 1124 me
805 1058 846 1124 ab
866 1057 1046 1145 ydolorum
1065 1054 1170 1130 cultu,

133 1177 189 1261 qui
208 1175 366 1243 tenebras
392 1180 426 1241 et
453 1175 565 1240 lumen
578 1173 712 1253 iecisti,
744 1176 801 1260 qui
821 1173 989 1240 diabolum
1009 1173 1045 1236 in
1066 1170 1173 1235 infer-

133 1310 213 1356 num
236 1291 423 1358 humiliasti
438 1295 472 1358 et
485 1290 689 1377 subposuisti
704 1290 883 1356 draconem
900 1307 1059 1376 magnum
1082 1287 1173 1353 anti·

133 1427 246 1493 quum,
265 1427 353 1473 nunc
365 1406 487 1472 exaudi
505 1405 677 1494 indignam
691 1405 848 1472 ancillam
864 1409 971 1472 tuam.
993 1404 1029 1471 Si
1051 1404 1127 1489 quis
1140 1403 1173 1467 in

133 1521 260 1589 honore
279 1527 336 1590 tuo
352 1523 434 1590 etin
450 1524 583 1588 nomine
598 1542 670 1589 mec
683 1523 793 1609 altare
807 1523 1067 1599 consecraverit,
1079 1526 1114 1590 et
1129 1520 1173 1586 ibi

87 1647 123 1711 10
133 1639 282 1705 oraverit
294 1658 336 1704 ex
351 1643 424 1706 tctc
444 1629 547 1706 corde
557 1659 629 1718 suc,
640 1639 800 1726 quidquid
815 1640 955 1726 pecierit
967 1639 1011 1705 da
1026 1639 1058 1704 ei
1070 1640 1170 1704 Deus.

133 1753 167 1820 Si
177 1755 252 1840 quis
267 1754 303 1819 in
314 1755 441 1842 judicio
453 1755 555 1823 fuerit
565 1756 619 1823 vel
634 1757 789 1842 spiritum
805 1757 990 1843 malignum
1000 1753 1170 1831 habuerit,

133 1875 193 1938 eut
216 1871 321 1937 variis
336 1872 584 1959 egritudinibus
608 1873 864 1959 periclitaverit,
887 1872 999 1939 autin
1023 1869 1173 1958 periculo

133 1988 237 2052 maris
258 1991 318 2054 aut
334 1989 369 2053 in
386 1989 559 2056 anxietate
574 1989 644 2055 sive
663 1990 697 2054 in
720 1989 955 2076 persecucione
973 1988 1173 2074 populorum

133 2100 238 2187 fuerit
254 2108 288 2171 et
309 2123 429 2170 nomen
448 2109 544 2184 tuum
561 2105 662 2172 altari
678 2123 751 2170 meo
768 2104 988 2183 invocaverit,
1011 2103 1171 2190 adimple,

103 2201 104 2204 ¹
132 2219 283 2297 Domine,
305 2220 504 2305 peticionem
528 2220 601 2306 ejus
625 2224 659 2286 et
681 2221 865 2308 peticiones
890 2220 1025 2286 illorum
1049 2218 1173 2285 exaudi

133 2337 189 2421 qui
204 2339 238 2402 te
252 2353 312 2422 per
324 2355 376 2401 me
389 2337 572 2402 oraverint.
592 2336 732 2401 Domine
746 2337 847 2415 Deus,
863 2337 919 2422 qui
937 2336 1049 2423 operis
1066 2337 1173 2402 celum

131 2452 274 2518 nubibus
287 2457 322 2519 et
337 2472 438 2539 paras
454 2457 550 2520 ‘terre
565 2452 709 2538 pluviae,
730 2453 786 2537 qui
803 2453 984 2520 extraxisti
999 2453 1173 2519 Danielem

131 2568 173 2634 de
187 2569 262 2634 lacu
278 2568 425 2647 leonum,
440 2570 496 2655 qui
509 2566 678 2634 exaudisti
701 2574 853 2635 sanctam
864 2569 998 2634 Teclam
1010 2568 1046 2633 in
1063 2567 1172 2635 tribus

131 2686 322 2764 tormentis,
342 2684 466 2751 exaudi
495 2706 563 2764 me,
596 2684 753 2750 ancillam
784 2691 889 2764 tuam,
909 2691 946 2752 ut
973 2686 1171 2772 omnesqui

82 2811 120 2873 20
131 2801 364 2868 invocaverint
392 2822 512 2867 nomen
529 2822 638 2868 meum
659 2808 694 2869 et
714 2801 958 2870 celebraverint
973 2806 1170 2869 memoriam

132 2938 239 2984 meam
256 2939 316 3005 pro
330 2939 443 2986 amore
459 2925 517 2986 tuo
537 2925 574 2986 et
586 2921 621 2984 in
639 2921 693 2986 die
710 2923 854 2988 Veneris
864 2898 1125 3008 jujuniaverint,
1140 2926 1172 2987 et

133 3034 333 3100 elemosinas
347 3036 549 3121 pauperibus
570 3039 785 3124 erogaverint
804 3042 1000 3125 propterte,
1018 3039 1169 3113 Domine,

135 3155 169 3217 et
183 3156 319 3238 propter
331 3172 383 3217 me
400 3154 477 3237 quia
492 3153 527 3217 in
542 3154 614 3239 ipso
628 3154 680 3219 die
694 3174 754 3220 nos
770 3154 955 3232 redemisti,
970 3158 1005 3220 et
1020 3154 1172 3221 liberasti

132 3287 193 3333 nos
209 3287 229 3332 a
243 3272 411 3354 potestate
423 3268 559 3347 diaboli,
578 3270 733 3356 latusque
747 3276 842 3338 tuum
860 3271 992 3357 aperuit
1006 3271 1127 3336 lancea
1142 3276 1174 3336 et

39 3425 44 3432 -
127 3387 251 3469 ⁴passus
265 3405 301 3448 es
316 3403 375 3470 prc
391 3384 634 3469 peccatoribus
651 3386 807 3453 Salvator
822 3387 949 3465 mundi,
968 3388 1024 3473 qui
1039 3388 1127 3453 vivis
1140 3393 1172 3452 et

133 3520 265 3587 regnas,
286 3501 385 3577 Dece,
401 3520 461 3586 per
480 3503 592 3567 omnia
605 3502 716 3567 secula
736 3503 935 3580 seculorum,
953 3523 1065 3568 amen.
1087 3505 1172 3568 Deus

133 3638 199 3682 non
224 3636 276 3681 me
300 3616 525 3702 derelinquas
553 3618 675 3684 Omnes
698 3622 754 3706 qui
780 3620 1027 3687 celebraverint
1049 3641 1172 3686 memo·

133 3735 218 3798 riam
233 3754 353 3812 meam,
371 3735 476 3801 insita
489 3755 557 3812 eos
576 3736 727 3814 Domine,
742 3743 779 3803 ut
795 3759 837 3803 ne
852 3736 993 3824 grando,
1015 3736 1170 3814 broccus,

133 3850 262 3942 locusta
283 3871 344 3916 nec
365 3851 432 3917 alia
455 3849 617 3937 pestilera
635 3853 724 3918 mala
744 3855 883 3921 veniant
905 3875 1006 3941 super
1030 3876 1089 3921 ecs
1114 3875 1173 3920 nec

85 3965 124 4034 30
135 3986 234 4052 super
254 3966 386 4033 labores
398 3988 525 4047 eorum,
543 3967 601 4035 sed
614 3970 845 4036 misericordia
857 3975 917 4038 tua
932 3972 1031 4060 larga
1045 3971 1172 4039 habun-

126 4082 255 4150 dancia
269 4086 392 4152 horrea
406 4089 441 4153 et
454 4087 686 4172 promptuaria
696 4106 822 4154 eorum
845 4088 1064 4176 impleantur,
1084 4094 1122 4158 ut
1134 4090 1173 4155 de
