2782 4786
618 435 660 452 -
676 403 745 468 ·198
768 437 808 460 -.

239 539 306 604 Pro
334 537 475 624 quadam
506 543 599 606 terra
624 544 659 608 et
684 538 827 626 quadam
863 542 978 618 vinea,
1004 543 1061 607 des
1090 541 1234 606 Moniees

196 656 229 721 vi
244 653 277 721 d.
295 653 348 720 ob.

226 777 316 824 Relicta
332 777 451 824 iohannis
464 777 495 824 de
506 776 642 826 Gerehi.-
653 778 736 826 Liberi
748 779 873 826 Jobennie
890 781 921 825 de
936 780 1037 828 Garcbi.

241 877 288 942 De
304 873 443 941 Saueeio
459 880 494 942 et
510 876 619 942 vineis
640 874 705 942 dou
721 877 818 956 Vive,
834 876 858 941 ii
877 874 910 942 d.
932 875 985 942 ob,

227 991 372 1050 Stephanus,
387 988 406 1036 li
420 990 596 1039 summias.-
608 991 651 1038 L’i.
663 991 778 1045 Qinieue.

226 1080 246 1125 J.
260 1080 369 1136 Gueiyne
381 1080 447 1129 bien.

234 1177 309 1242 'Pro
325 1181 419 1243 terra
435 1170 506 1243 dou'
521 1179 625 1254 Veue,
646 1177 684 1241 iii
699 1176 750 1241 ob.

157 1334 159 1339 «
229 1303 368 1358 limandus,
387 1302 407 1348 li
424 1301 543 1350 bordiers.

228 1393 339 1438 Joceiini
353 1390 448 1436 Evreri
462 1392 537 1436 tenet.

241 1488 309 1552 Pro
327 1488 426 1553 vinea
440 1484 481 1552 de
497 1485 529 1550 la
540 1484 712 1564 Gravibre,
727 1487 761 1552 vi
777 1485 810 1552 d.
895 1570 898 1575 Ι

228 1595 353 1642 iohannes
362 1591 451 1640 creiee.

227 1684 330 1742 ineque·
345 1680 466 1728 retulere.
475 1703 505 1715 -
516 1680 611 1728 Relicta
626 1682 691 1737 ejus.

227 1771 345 1817 Perroiin
356 1771 387 1816 de
397 1768 481 1816 Borde
496 1769 523 1814 iii
531 1770 557 1816 d.
574 1771 646 1815 ob.-
661 1767 848 1831 stephanii-ii
859 1771 959 1817 Lievree
970 1772 1044 1817 tenet.

242 1858 309 1922 Pro
328 1857 431 1923 terris
447 1855 513 1922 dou
531 1854 627 1936 Gorb,
647 1857 684 1922 iii
700 1857 733 1924 d.
749 1879 780 1923 ο.

228 1979 379 2038 Βορηειιάαε
389 1979 420 2025 de
432 1979 534 2026 Garebi.

228 2065 311 2111 Liberi
325 2065 452 2110 lobannis
461 2067 492 2111 de
507 2067 608 2113 Gercbi.

241 2162 308 2228 Pro
326 2166 420 2228 berra
437 2160 478 2229 de
497 2163 722 2242 Pierrefritie‚
738 2187 800 2252 que
816 2166 881 2234 fuit
898 2167 1018 2254 Ragot‚
1038 2163 1097 2232 id.

228 2287 298 2333 Idem
307 2286 459 2344 noanneane
473 2289 506 2333 de
519 2289 661 2344 cambis.-
675 2289 757 2335 Liberi
771 2291 904 2336 iohannis.

242 2384 309 2450 Pro
326 2388 421 2451 terra
437 2383 502 2450 dou
516 2385 644 2465 Venae,
663 2387 688 2451 ii
703 2386 736 2453 d.

227 2508 357 2565 Euboi-bue,
373 2507 442 2555 fliius
460 2509 519 2557 lien.
534 2509 557 2555 le
573 2509 709 2557 cordonier.

241 2604 308 2668 Pro
327 2607 421 2669 terra
436 2601 614 2682 douVeue‚
634 2605 658 2669 ii
674 2603 706 2670 d.
725 2604 782 2691 (l).

228 2726 362 2775 Gauiridus
371 2725 438 2773 filius
449 2726 507 2772 Ren.
523 2726 545 2773 le
560 2727 695 2775 cordonier.
709 2753 740 2764 -
754 2731 858 2777 Relicta.

239 2825 307 2890 Pro
326 2829 419 2891 terra
437 2824 502 2890 dou
522 2826 638 2892 Veuue
657 2828 681 2890 ii
695 2827 737 2893 ·d.
760 2831 842 2912 (feeit
861 2830 990 2894 flobeiii
1007 2828 1176 2914 Goneari).

156 2999 161 3004 ,
226 2947 347 2995 Galnerus
361 2947 466 2993 Lamort.

227 3036 371 3091 Stephanus
380 3035 544 3091 Deecbamps.

226 3126 348 3172 Robertue
358 3124 440 3170 dietae
456 3124 474 3170 ii
489 3137 549 3170 anez
567 3130 640 3172 tenet.

238 3222 305 3288 Pro
323 3228 416 3290 terra
433 3223 497 3288 dou
510 3224 639 3301 Veuue,
661 3225 710 3290 iiii
726 3225 758 3291 d.
774 3227 826 3292 ob.

225 3346 316 3393 Relicta
330 3345 429 3394 Gerardi
440 3345 470 3392 de
479 3342 623 3393 Corbenais.

224 3437 296 3479 Felix
308 3437 338 3480 de
349 3437 489 3489 Gorbenay.

238 3528 305 3594 Pro
325 3538 418 3596 terra
437 3529 502 3594 dou
517 3531 680 3607 Veuue,v
698 3534 731 3596 d.

225 3653 314 3698 Relicia
324 3653 424 3699 Gerardi
436 3653 578 3699 Goniari.-·
592 3656 717 3701 Hernicus
730 3659 835 3702 Goniart
848 3662 924 3704 benet.

223 3904 255 3970 (1)
271 3910 302 3957 Le
314 3911 347 3958 Ms
359 3914 386 3958 ib
401 3912 482 3968 ejouie
494 3913 544 3960 ici:
564 3914 706 3971 Stephanae
717 3915 819 3961 Pincari
839 3915 857 3959 ii
876 3917 900 3960 d.
916 3927 964 3971 pro
982 3919 1049 3961 terra
1067 3928 1115 3973 que
1125 3914 1178 3970 suit
1195 3928 1227 3962 eu

192 4010 334 4046 sarmrier.
