2790 4792
166 585 417 652 Hnununurus.

165 699 404 766 Auununrus.

165 815 430 881 Eunuurnmus.

165 933 368 1006 Auuuunus.

166 1046 432 1113 Lnuunsuurus

164 1161 320 1230 Seuerus
354 1161 469 1227 Eunu.
500 1160 564 1226 Hic
593 1160 742 1247 sepultus
779 1157 845 1228 fuit
878 1161 912 1225 in
949 1160 1155 1227 monasterio

115 1283 255 1345 nostro.

166 1393 322 1461 Seuerus
337 1393 583 1462 Vuussnuuus.
610 1393 674 1459 Hic
688 1392 837 1480 Frigiam
854 1390 1052 1477 predicavit.
1071 1392 1161 1461 Obiit

116 1515 159 1576 et
178 1508 330 1597 sepultus
343 1513 396 1577 est
416 1508 503 1596 apud
514 1507 759 1576 Fontanallam.
772 1508 898 1575 Deinde
913 1506 1029 1576 furtim
1043 1514 1161 1578 trans·

116 1625 219 1691 latus
234 1623 299 1693 fuit
314 1624 401 1720 apud
417 1625 675 1692 Abbatisvillum
691 1625 726 1690 in
744 1624 902 1692 Pontino.
1180 1637 1214 1699 ιο

170 1737 333 1807 Guarcus.
353 1738 417 1805 Hic
437 1737 501 1807 fuit
518 1738 703 1806 avunculus
721 1738 812 1830 beati
832 1738 990 1807 Ebbonis.

171 1853 440 1937 Seuerusllnno.
451 1855 515 1922 Hic
526 1855 592 1924 fuit
606 1855 756 1943 sepultus
769 1856 804 1922 in
816 1859 1021 1925 monasterio
1033 1862 1161 1925 nostro.

171 1969 328 2038 Seuerus
347 1971 593 2038 Houoauurus.
613 1971 676 2037 Hic
695 1970 760 2039 fuit
780 1971 870 2038 filius
884 1972 1001 2041 Sancti
1014 1971 1161 2040 Honulfi.

171 2085 328 2155 Senarus
344 2087 543 2156 Houuurus.
560 2087 623 2154 Hic
637 2086 703 2154 fuit
717 2091 814 2175 pater
830 2088 1088 2176 predecessoris.

175 2201 396 2273 Onunnenus.

180 2317 307 2386 Lusus.

176 2433 417 2503 Vu1u1cnu1us.

177 2548 452 2619 Gornnscuncus.

176 2664 331 2734 Seuerus
354 2666 579 2734 Gunenauus.

181 2781 332 2848 Puruus.

187 2896 461 2968 Vurnnunotuus.

184 3021 381 3088 Buauanus.

184 3137 420 3202 Rnuuuurus.
435 3127 439 3135 '

182 3252 337 3318 Seuerus
365 3247 524 3313 Mneuus.
554 3246 625 3314 Iste
652 3247 821 3316 edificavit
847 3248 1022 3316 ecclesiam
1060 3247 1175 3315 Sancti

138 3363 324 3436 Salvatoris
335 3363 371 3428 in
387 3361 519 3440 Vineis,
533 3361 589 3428 ubi
604 3363 810 3450 sepulturam
826 3365 1062 3432 canonicorum
1076 3364 1178 3430 insti-

139 3484 207 3551 tuit
221 3486 256 3548 et
269 3480 415 3567 seipsum
432 3477 479 3545 ibi
500 3477 634 3564 sepeliri
649 3477 741 3546 fecit.

182 3600 387 3665 Jnnsuurus.
421 3594 486 3661 Hic
513 3593 638 3663 adtulit
666 3599 804 3683 propter
837 3616 986 3685 paganos
1018 3598 1178 3684 reliquias

142 3713 265 3781 rnultas
286 3711 526 3778 amonasterio
542 3710 658 3779 Sancti
676 3711 825 3779 Richerii
839 3713 873 3778 in
889 3712 1046 3794 Pontino,
1060 3716 1094 3780 in
1112 3734 1177 3801 quo

142 3836 215 3898 eret
228 3828 427 3906 monachus,
443 3828 478 3894 in
488 3830 734 3897 'monasterium
751 3829 872 3896 Sancte
885 3827 1041 3897 Columbe
1056 3835 1089 3898 et
1104 3834 1179 3916 post

144 3946 253 4029 factus
269 3949 328 4029 est
343 3924 614 4034 archiepiscopus
624 3950 666 4019 et
690 3944 753 4013 eas'
769 3944 946 4013 transtulit
960 3946 995 4012 in
1020 3948 1180 4035 majorem
1192 3949 1230 4015 30

145 4063 335 4131 ecclesiam.
