2782 4786
645 415 824 482 ..62-

216 554 446 642 ponendorum
466 573 578 623 rorum
599 574 736 621 suarum
751 553 871 620 habuit
887 551 1096 620 facultatem.
1112 554 1264 620 Eviden-

215 675 269 736 ter
287 690 367 735 vero
388 689 408 734 a
427 671 576 755 puericia
600 669 787 756 disciplinis
806 668 1001 735 liberalibus
1014 670 1209 749 institutus,
1228 672 1264 735 in

215 784 329 850 Sicilia
348 805 408 849 sex
420 786 626 850 monasteria
643 785 845 862 construxit,
861 788 896 850 et
907 782 998 849 infra
1012 783 1138 849 Urbem
1155 788 1265 872 septi-

217 876 320 978 mum,
335 900 446 984 inquo
466 899 526 965 sub
541 898 673 966 abbatis
690 899 830 985 imperio
845 899 1017 967 militavit.
1030 897 1265 986 Defunctoque

214 1036 302 1103 papa
317 1016 469 1103 Pelagio,
495 1016 623 1082 invitus
647 1035 734 1101 papa
757 1013 913 1081 efficitur.
929 1014 992 1090 Qui
1015 1014 1132 1080 multis
1155 1017 1266 1080 mira-

218 1132 303 1199 culis
313 1136 348 1200 et
366 1133 494 1199 sanctis
506 1132 629 1198 claruit
640 1131 815 1217 exemplis,
827 1134 866 1197 ut
877 1130 957 1197 Vite
968 1129 1075 1216 ipsius
1090 1131 1264 1197 volumine

217 1249 396 1333 reperitur.
417 1249 519 1314 Rexit
543 1266 716 1313 romanam
737 1246 911 1313 ecclesiam
931 1245 1138 1332 temporibus
1154 1247 1265 1333 impe·

217 1369 368 1431 ratorum
379 1364 535 1430 Mauricii
546 1363 736 1430 etFocatis.
747 1362 898 1430 Secundo
911 1361 993 1430 dicti
1008 1363 1145 1430 Focatis
1157 1382 1262 1441 anno,

188 1492 191 1499 ·
217 1482 251 1544 et
267 1478 432 1544 dominice
448 1477 693 1545 incarnationis
717 1476 887 1543 000000ο
905 1476 1022 1561 quinto
1039 1478 1203 1563 migrarit
1221 1476 1264 1542 ad

172 1595 334 1678 10vitam.
364 1592 491 1680 Corpus
526 1593 598 1680 ejus
633 1592 800 1679 sepultum
821 1595 887 1668 est,
913 1590 967 1657 die
994 1570 1116 1677 quarto
1144 1590 1264 1678 ydium

216 1709 433 1788 Marciorum,
459 1709 504 1801 in¹
517 1708 658 1775 ecclesia
685 1708 782 1775 Beati
798 1707 894 1774 Petri
922 1709 1002 1773 ante
1026 1708 1261 1774 secretarium.

216 1825 335 1893 Multis
351 1845 432 1892 vero
455 1825 641 1892 transactis
657 1821 877 1910 temporibus,
897 1823 1039 1888 domnus
1058 1822 1262 1910 Ansegisus,

216 1941 270 2008 vir
305 1939 496 2020 laudabilis,
522 1940 725 2006 Sunonensis
752 1938 1035 2024 archiepiscopus,
1057 1956 1078 2003 a
1107 1938 1265 2006 Johanne

217 2077 303 2143 papa
327 2057 523 2142 impetravit
545 2060 646 2142 caput
669 2055 811 2141 predicti
836 2054 946 2120 sancti
970 2047 1139 2141 Gregorii,
1174 2055 1266 2141 quod

217 2173 252 2237 in
270 2173 476 2239 monasterio
488 2172 604 2239 Sancti
618 2171 713 2237 Petri
727 2169 804 2236 Vivi
816 2170 939 2256 posuit.
959 2168 1095 2246 Postea,
1115 2146 1206 2234 anno
1223 2170 1265 2234 ab

217 2287 450 2354 incarnatione
465 2286 597 2352 Domini
620 2285 670 2351 Μο
691 2285 909 2370 nonagesimo
926 2283 1057 2368 quiut0,
1078 2281 1192 2368 factus
1212 2288 1267 2350 est

218 2405 402 2468 conventus
415 2401 608 2486 sollempnis
617 2398 1079 2476 clericorum,monachorum
1090 2402 1126 2465 et
1134 2399 1263 2484 populi,

213 2519 353 2605 jubente
371 2517 492 2583 domno
512 2515 669 2583 Richerio
690 2515 940 2610 archiepiscopo
957 2535 965 2593 ;
989 2516 1023 2580 et
1051 2517 1132 2580 tunc
1148 2513 1266 2598 predi-

219 2639 308 2699 ctum
340 2653 471 2699 sacrum
494 2635 594 2718 caput
616 2632 800 2716 repositum
825 2629 891 2696 fuit
907 2630 943 2694 in
971 2604 1114 2714 quodam
1138 2613 1265 2694 scrinio

115 2777 121 2789 ·
170 2769 209 2830 20
219 2751 393 2833 argenteo,
411 2746 497 2832 quod
515 2751 632 2832 postea
649 2745 791 2812 domnus
809 2743 992 2812 Gaufridus
1020 2741 1126 2809 abbas
1156 2743 1268 2809 hono·

219 2862 373 2929 rabiliter
395 2864 582 2930 renovavit.
687 2900 690 2904 ·
765 2841 769 2848 ¹

349 3118 392 3165 DE
416 3109 586 3176 RELIQUIIS
612 3115 713 3185 ΒΕΑΤΙ
737 3115 896 3175 HYLARII,
922 3114 1072 3165 EPISOOPI
1096 3114 1140 3161 ΕΤ

630 3231 851 3290 conrnssonls

263 3449 406 3514 Sanctus
424 3447 600 3532 Hylarius,
618 3422 831 3512 Pictavensis
855 3445 1043 3533 episcopus,
1061 3443 1102 3509 ob
1119 3445 1265 3511 catholi-

188 3548 190 3551 ’
219 3584 293 3630 cam
311 3562 409 3627 fidem
430 3561 495 3628 fuit
515 3560 736 3647 quadriennio
754 3560 841 3646 apud
862 3561 1012 3647 Frigiam
1035 3558 1212 3645 religatus
1230 3563 1264 3625 et

218 3680 308 3744 inter
337 3677 423 3742 alias
446 3678 591 3743 virtutes
618 3674 728 3741 fertur
758 3675 845 3760 quod
871 3680 1040 3742 mortuum
1066 3674 1259 3741 suscitavit.

217 3791 314 3857 Anno
349 3793 481 3858 Domini
496 3793 545 3857 M⁰
572 3792 789 3878 nonagesimo
811 3791 940 3876 quinto,
969 3790 1104 3857 invente
1125 3788 1263 3857 fuerunt

219 3906 358 3990 reliquie
387 3907 427 3972 de
454 3908 667 3975 vestimentis
698 3907 816 3993 ipsius,
831 3907 867 3971 in
890 3907 1115 3975 translatione
1142 3906 1262 3993 capitis

218 4021 310 4089 beati
325 4022 490 4110 Gregorii,
506 4046 590 4114 pape
606 4029 641 4095 et
655 4025 769 4113 magni
789 4021 949 4090 doctoris.

844 4406 991 4480 Α
1088 4363 1092 4373 ,
