2790 4792
561 412 760 481 -121-

386 560 546 626 Draconis
561 559 715 627 interitu.

387 675 469 743 Posi
482 675 594 763 pergit
608 672 650 740 ad
664 675 816 750 certium,

384 793 486 858 Jussn
501 791 596 878 cujus
610 791 738 877 ignium

384 909 519 975 Devioto
536 907 731 995 perterrita,

384 1089 454 1155 Hoc
469 1087 635 1155 decollata
654 1085 731 1154 fnit.

382 1203 445 1272 Sed
461 1202 567 1292 capud
580 1202 748 1290 disparuit

381 1319 424 1384 nt
437 1318 500 1384 hec
509 1321 562 1385 est
576 1316 618 1383 ad
633 1317 768 1406 gandia.

382 1434 487 1500 Prece
499 1452 560 1499 nos
576 1432 746 1501 custodiat

381 1551 424 1618 nt
436 1551 525 1617 Deus
537 1570 599 1616 nos
614 1549 718 1617 faciat

380 1665 530 1732 Heredes
547 1667 582 1731 in
601 1666 722 1754 gloria.
743 1667 862 1733 Amen.
1189 1676 1225 1739 10

179 1794 397 1876 offertorium
412 1802 441 1857 et
457 1796 726 1876 postcom-mommo
743 1796 831 1858 sicci
846 1793 884 1858 de
906 1791 1106 1875 Virqicibus.
1124 1794 1174 1858 Ao

126 1911 275 1976 Sectam
295 1916 326 1973 ei
344 1908 387 1974 ad
414 1907 554 1991 Nonam,
582 1910 788 1993 oniiphooo,
817 1910 976 1993 capitum,
996 1927 1111 1974 versuo
1142 1919 1174 1974 et

127 2029 268 2093 collecto
281 2029 322 2089 io
338 2029 512 2111 commoni
525 2035 721 2091 sanctorum
732 2027 771 2090 de
790 2025 988 2109 viminibus.

179 2142 231 2207 Ad
247 2141 411 2226 Vesperoc‚
436 2143 625 2225 antiphone
643 2150 672 2207 ei
688 2144 813 2224 psalmi
832 2143 872 2207 de
892 2142 1092 2225 Virginibus.
1109 2141 1173 2209 Co-

125 2260 294 2343 pitclcm.
309 2255 372 2332 Qui
387 2256 564 2344 gloriatur.
579 2258 612 2333 ri.
629 2256 711 2322 Posi
723 2258 829 2344 ignes.
844 2259 875 2333 i.
891 2255 1024 2323 Gaudes
1039 2256 1167 2323 Gloria.

127 2375 300 2459 Hyromos.
322 2371 486 2439 Fidelium
511 2371 659 2440 devocio.
678 2365 710 2443 i.
731 2371 904 2460 Adjutrix.
934 2376 962 2449 i.
989 2372 1095 2438 Jhesn
1115 2393 1173 2439 co·

127 2509 230 2556 rona.
248 2488 281 2566 i.
309 2487 507 2576 Adjuvabis

121 2605 323 2688 Antiphone
339 2604 384 2668 od
403 2608 598 2669 introitum.
621 2603 817 2692 Magnificet
841 2625 930 2671 nuno
952 2607 1127 2672 Dominum

377 2718 584 2806 Temporalis
601 2720 754 2799 ecclesia,

376 2834 439 2911 Qui
460 2840 537 2922 post
562 2854 666 2922 penas
698 2838 919 2904 certaminum
1181 2842 1220 2903 20

377 2951 510 3017 Venere
523 2950 656 3020 confert
669 2951 804 3039 gaudia.

170 3078 340 3144 Fecimus.
361 3074 571 3162 Magnificat.
593 3076 784 3143 Euouee.

172 3193 330 3260 Collecto.
355 3193 444 3259 Deus
467 3192 525 3277 qui
540 3192 630 3260 inter
648 3187 772 3272 cetera,
789 3200 826 3261 ut
844 3215 957 3282 supra.

442 3323 545 3389 Proca
559 3324 600 3389 dc
613 3334 732 3391 comodo
750 3326 858 3392 Morio

372 3446 484 3512 Maria
496 3451 605 3515 mater
622 3451 749 3536 gracie,

372 3560 485 3627 Mater
501 3562 742 3644 misericordie,

375 3677 576 3744 Relevamen
594 3681 729 3749 miserie

452 3794 654 3863 Gloriosnm.

372 3911 502 3977 Nomen
524 3917 618 3981 tuum
640 3913 735 3981 dulce
751 3917 852 3981 nimis

371 4026 625 4097 Memorandum
640 4031 741 4097 estin
757 4031 886 4118 primis,
