2790 4792
656 451 699 466 ..
721 415 832 481 221..

225 560 287 651 Qui
302 579 381 625 mox
400 563 438 625 ut
453 579 526 624 eam
550 557 614 624 fuit
635 559 780 625 intuitus
804 557 930 642 recepit
952 554 1067 622 statim
1083 557 1269 642 pristinam

229 675 421 741 sanitatem.
456 675 549 739 Tunc
582 674 680 759 jussu
707 673 921 759 imperatoris
944 670 1098 756 Pylatus
1132 673 1270 758 capitur

217 791 263 875 et
277 788 417 877 Romam
433 786 641 873 perducitur.
667 787 810 873 Pylatus
830 790 942 852 autem
966 786 1099 851 Domini
1114 787 1269 878 tunicam

212 977 214 982 .
229 902 381 968 indutam
403 922 516 993 coram
536 903 738 988 imperatore
757 902 916 987 portavit.
932 901 976 968 Et
988 900 1065 965 dum
1081 901 1270 987 imperator

180 996 184 1003 ¹
230 1009 304 1082 eum
319 1017 405 1109 vidit
424 1017 578 1104 placatus
592 1016 668 1094 fuit,
689 1021 723 1082 et
736 1036 802 1081 non
817 1015 935 1082 videns
956 1036 1031 1081 eum
1055 1020 1174 1083 contra
1192 1037 1272 1081 eum

133 1159 136 1164 ⁴
219 1136 348 1223 motus·
361 1136 447 1210 erat,
467 1131 582 1198 dicens
607 1132 766 1217 Pylatum
787 1121 860 1197 ess'e
885 1130 991 1195 filium
1009 1131 1140 1197 mortis.
1160 1131 1270 1196 Mira-

219 1248 353 1331 ¹bantur
369 1268 484 1313 omnes
499 1246 585 1333 quod
600 1247 784 1332 imperator
798 1247 847 1310 sie
861 1250 980 1313 contra
999 1230 1170 1330 Pylatum,
1187 1244 1270 1309 dum

230 1361 374 1440 abesset,
397 1367 508 1428 motus
523 1362 576 1426 ira
596 1364 682 1437 erat,
703 1365 737 1427 et
759 1359 837 1424 dum
858 1363 1090 1445 presenserat
1112 1359 1161 1424 nil
1186 1378 1273 1424 eon-

229 1481 285 1550 tra
302 1497 376 1542 eum
397 1477 621 1562 loquiaspere
636 1480 762 1561 posset.
780 1474 928 1539 Tandem
951 1474 1064 1540 divino
1083 1477 1168 1541 nutu
1192 1494 1271 1538 eum

185 1603 220 1666 ιο
231 1592 395 1676 expoliari
416 1592 518 1668 fecit;
535 1595 616 1656 tuno
634 1592 769 1676 cognita
791 1589 855 1656 fuit
874 1590 990 1664 tunica
1011 1590 1142 1654 Domini
1158 1592 1193 1654 et
1211 1590 1274 1682 im-

231 1710 368 1792 perator
401 1705 560 1791 Pylatum
592 1705 865 1791 condampnavit.
904 1706 948 1770 Et
984 1703 1115 1768 demum
1153 1703 1269 1770 dietus

233 1822 387 1906 Pylatus,
411 1820 591 1885 secundum
606 1821 784 1886 Eusebium
801 1825 835 1887 et
858 1819 994 1901 Bedam‚
1014 1839 1115 1884 manu
1132 1820 1274 1914 propria

234 1957 269 2001 se
295 1937 448 2021 peremit.
473 1937 517 2002 Et
539 1936 587 2000 sio
610 1937 726 2003 tunica
744 1936 877 2000 Domini
896 1935 984 2021 apud
1006 1937 1176 2000 Romanos
1204 1933 1274 2002 fuit

233 2050 415 2116 honorifice
447 2055 657 2117 conservata.
691 2050 755 2115 Sed
788 2050 999 2135 postmodum
1028 2051 1063 2114 in
1090 2050 1274 2117 civitatem

223 2165 362 2260 'Zaphat
384 2164 561 2250 deportata
576 2164 653 2242 fuit,
675 2164 720 2229 ibi
739 2185 800 2251 per
818 2165 954 2251 longum
972 2170 1105 2251 tempus
1127 2185 1202 2230 cum
1221 2185 1277 2230 ar·

235 2281 298 2346 cha
323 2300 511 2346 marmorea
536 2279 734 2346 abscondita
765 2285 799 2346 et
833 2285 980 2347 servata.
1004 2282 1105 2358 Anno
1126 2299 1207 2346 vero
1231 2280 1275 2346 ab

164 2405 172 2417 “
234 2371 466 2462 incarnatione
482 2395 610 2462 Christi
632 2396 901 2481 quingentesimo
916 2395 1135 2480 nonagesimo
1150 2400 1273 2463 octavo

234 2512 372 2578 inventa
384 2511 448 2578 fuit
458 2518 492 2577 et
506 2512 619 2579 levata
636 2527 656 2576 a
672 2509 835 2597 Gregorio
848 2510 1083 2576 Anthiocheno
1096 2514 1130 2577 et
1143 2511 1277 2578 Thoma

234 2627 530 2692 Jherosolimitano
569 2631 603 2693 et
639 2626 793 2690 Johanne
832 2625 1206 2711 Constantinopolitano
1241 2632 1277 2692 et

186 2767 225 2828 20
235 2748 466 2813 iherosolimis
482 2750 516 2812 in
540 2747 612 2813 loco
627 2748 683 2812 ubi
705 2768 789 2812 crux
804 2747 937 2813 Domini
961 2747 1123 2813 adoratur
1145 2749 1273 2833 posita.

235 2862 359 2927 Postea
371 2881 451 2926 vero
466 2863 635 2949 peregrini
650 2863 775 2929 milites
787 2882 847 2948 per
862 2862 1012 2927 diversas
1028 2860 1143 2926 mundi
1155 2867 1277 2946 partes

234 2976 465 3061 partiunculas
493 2982 724 3064 asportarunt.
755 2980 801 3043 De
818 2978 878 3042 illa
904 2996 1002 3043 sacra
1026 2978 1142 3052 tunica
1167 2976 1277 3041 habe·

235 3110 308 3155 mus
333 3092 368 3155 in
392 3090 535 3178 quadam
557 3091 674 3159 tabula
700 3097 862 3178 argentea
883 3095 917 3158 et
940 3091 1137 3172 cristallina,
1171 3111 1275 3174 quam

228 3205 317 3296 *inibi
333 3208 462 3272 servari
477 3209 584 3275 voluit
607 3207 691 3272 bone
715 3208 874 3272 memorie
891 3205 1069 3272 defunctus
1089 3204 1277 3271 Gaufridus

235 3320 349 3386 abbas.

576 3573 620 3618 DE
643 3573 785 3621 SPONGIA
809 3572 931 3621 DOMINI

280 3785 466 3850 Secundum
483 3786 671 3851 Johannem
695 3787 880 3854 scribitur:
912 3785 1027 3851 Sciens
1045 3783 1170 3849 ihesus
1196 3786 1280 3869 quia

230 3901 302 3984 jam
318 3902 430 3983 omnia
443 3905 674 3968 consummata
686 3906 799 3968 essent
820 3907 859 3968 ut
878 3903 1167 3967 consummaretur
1190 3899 1281 3964 Scri-

54 4090 57 4096 ,
236 4021 348 4107 ptura,
366 4015 476 4088 dixit:
501 4017 600 4088 Sioio.
620 4016 692 4085 Vas
714 4036 794 4102 ergo
815 4018 960 4114 positum
977 4020 1052 4089 erat
1075 4018 1190 4082 acceto
1202 4016 1280 4110 ple-
