2790 4792
606 418 790 487 -265-

178 564 256 630 aliis
279 553 499 650 plurimorum
520 566 715 630 sanctorum
735 559 905 647 reliquiis;
931 560 1031 627 item.
1047 558 1212 653 quodd'alh

178 677 365 744 sacrarium
380 678 526 765 argenti,
544 676 735 743 admodum
761 676 936 755 crementi,
955 672 1125 744 subtiliter
1142 674 1214 743 iac·

177 799 249 859 tum
282 799 317 861 et
346 791 578 881 compositum,
611 795 647 860 in
668 814 733 881 quo
758 794 915 861 consistit
948 812 1015 858 nna
1043 791 1084 859 de
1109 793 1213 860 costis

177 910 268 978 beati
283 910 499 990 Potenciani;
517 911 608 989 item,
624 911 744 977 stolam
757 909 848 976 beati
861 909 967 988 Petri,
985 909 1212 996 apostolorum

176 1027 350 1114 principis,
390 1013 532 1092 diversis
573 1026 740 1093 coloribus
776 1025 945 1093 subtiliter
975 1026 1224 1113 compositamr

177 1149 273 1225 item,
293 1151 424 1234 partem
447 1145 575 1212 sudarii
606 1144 755 1233 ejusdem
784 1144 970 1212 beatissimi
993 1145 1209 1223 Potenciani,

177 1264 217 1331 de
250 1265 357 1330 serico
386 1263 562 1349 compositi
594 1265 628 1329 et
661 1260 787 1327 ambris
813 1258 992 1326 hincinde
1023 1261 1208 1355 seminati;

177 1381 259 1448 item
279 1378 456 1467 quamdam
477 1378 577 1445 aliam
599 1397 738 1466 parvam
757 1377 928 1465 capsulam
956 1378 1102 1465 argenti,
1127 1377 1213 1444 duo-

176 1494 240 1561 bus
258 1493 389 1582 angelis
406 1493 579 1564 deauratis
599 1495 636 1559 in
658 1493 770 1561 fronte
789 1492 953 1561 anteriori
972 1492 1153 1580 figuratam
1178 1498 1212 1562 et

178 1611 373 1678 decoratam
393 1610 429 1675 in
444 1630 511 1696 qua
535 1610 726 1678 consistunt
744 1608 785 1675 de
805 1606 956 1695 reliquiis
975 1609 1083 1676 sancti
1103 1603 1215 1676 Ebbo-

178 1728 242 1804 nis,
271 1724 515 1813 archiepiscopi
540 1725 755 1792 Sunonensis.
781 1725 871 1799 Quas
897 1724 1029 1811 quidem
1054 1726 1214 1813 reliquias

179 1864 241 1909 nos
260 1841 364 1909 abbas
390 1846 425 1909 et
454 1845 638 1909 conventus
666 1839 844 1928 prelibati,
871 1841 1007 1909 extrahi
1036 1838 1215 1907 fecimusa

177 1960 338 2027 thesauro
355 1957 495 2024 ecclesie
509 1960 625 2024 nostre
641 1957 957 2024 Sancti-Petri·Vivi
978 1960 1012 2023 et
1028 1976 1085 2022 eas
1099 1956 1217 2024 decre·

176 2077 308 2152 vimus,
329 2077 367 2141 nt
394 2073 614 2160 permittitur,
640 2071 896 2140 transferendas
921 2077 955 2141 et
981 2072 1210 2160 publicandas.
1290 2148 1293 2153 ,

178 2193 276 2267 Item,
296 2195 331 2258 et
357 2189 522 2276 quoddam
548 2208 708 2276 magnum
726 2188 900 2256 brachium
927 2211 1084 2278 cupreum
1109 2191 1215 2258 deau-

178 2311 303 2383 ratum,
329 2326 403 2373 cum
428 2325 529 2371 manu
556 2309 738 2392 argentea,
764 2306 799 2371 in
826 2326 890 2391 quo
914 2306 1098 2375 includitur
1131 2307 1212 2374 bra·

177 2423 287 2488 chium
308 2422 416 2488 sancti
442 2421 652 2500 Potenciani‚
681 2441 810 2488 necnon
826 2426 860 2489 et
877 2422 1055 2508 quamdam
1077 2443 1212 2510 capsam

177 2557 347 2625 cupream,
369 2536 557 2624 vulgariter
569 2542 795 2625 nuncupatam
812 2539 856 2604 tc
875 2540 1073 2618 (lusitanice,
1093 2539 1135 2606 ab
1149 2560 1213 2606 un-

176 2655 295 2720 tericri
315 2656 413 2740 parte
429 2651 606 2720 rotundam
629 2656 664 2720 et
679 2672 700 2719 a
714 2654 894 2740 posteriori
910 2655 1057 2742 planam,
1077 2659 1212 2744 ymagi-

176 2769 275 2835 nibus
291 2775 485 2837 sanctornm
506 2770 591 2856 Lupi
606 2773 640 2837 et
655 2770 843 2837 Katherine
864 2775 899 2839 et
910 2771 986 2837 aliis
998 2771 1213 2860 ymaginibus

182 2886 355 2953 deauratis
382 2885 586 2963 decoratam,
624 2887 659 2951 in
682 2907 748 2972 qua
771 2888 961 2955 consistunt
994 2887 1035 2954 de
1066 2889 1217 2975 reliquiis

182 3003 293 3070 sancti
312 3002 411 3088 Lupi,
430 3000 471 3068 de
491 3003 600 3088 capite
618 3006 652 3070 et
667 3002 803 3070 sudario
822 3006 932 3072 sancti
949 3006 1116 3092 Gregorii,
1137 3026 1217 3072 nec-

176 3138 244 3184 non
265 3116 306 3183 de
324 3118 476 3203 reliquiis
499 3119 608 3185 sancti
626 3118 799 3186 Sanctiani
821 3124 855 3187 et
876 3124 992 3187 sancte
1009 3123 1124 3200 Beate,
1141 3123 1213 3210 ejus

176 3235 317 3301 sororis,
336 3235 426 3309 Quas
445 3235 605 3321 reliquias
623 3239 657 3302 et
677 3237 872 3303 sanctuaria
888 3257 908 3303 a
926 3237 1089 3304 thesauro
1105 3239 1214 3304 eecle-

175 3354 225 3417 sie
256 3356 291 3418 et
320 3351 491 3437 prioratus
522 3350 968 3438 Sancti-Lupi·de-Naud0,
1005 3372 1078 3432 nos
1117 3355 1211 3440 prior

175 3467 322 3555 ejusdem
348 3466 566 3553 prescriptus,
589 3469 690 3535 etiam
718 3469 853 3536 extrahi
875 3469 1026 3553 fecimus,
1057 3474 1091 3538 et
1114 3471 1154 3537 dc
1174 3471 1213 3537 li·

174 3583 288 3649 aeneia
313 3585 348 3648 et
365 3601 529 3648 consensu
552 3581 633 3650 dicti
665 3585 774 3652 nostri
807 3584 940 3652 abbatis
966 3590 1001 3653 et
1028 3591 1212 3654 conventus

173 3696 735 3778 Sancti-Petri-Vivi·Senonensis,
769 3720 829 3786 per
859 3700 1004 3786 patriam
1029 3700 1212 3768 honorifice

171 3810 427 3879 transferendas
443 3817 477 3878 et
498 3812 728 3899 publicandas,
751 3834 826 3881 oum
846 3816 922 3882 aliis
952 3817 1156 3884 sanctuariis
1177 3821 1211 3885 et

173 3928 326 4016 reliquiis
342 3949 444 4015 supra
460 3929 654 4006 declaratis,
674 3930 893 3999 decrevimus

215 4045 287 4115 Nos
301 4065 393 4129 vero,
417 4044 521 4115 abbas
540 4050 575 4115 et
595 4049 781 4117 conventus
793 4047 963 4140 prelibati,
980 4048 1089 4120 dietas
1108 4051 1210 4120 insti·
