2790 4792
605 425 803 491 μ-281--

179 569 287 637 latum
313 571 349 636 in
375 568 412 636 se
439 571 641 659 suscipiendi
670 575 704 638 et
739 571 849 636 omnis
887 572 955 637 alia
981 570 1217 658 probacionum

180 710 279 774 quam
294 689 328 754 in
344 689 478 756 modum
507 689 720 777 probacionis
743 686 953 776 producendi
983 695 1018 757 et
1043 688 1217 756 cohibendi

179 810 351 891 testesque
375 805 528 893 jurandi,
547 812 582 874 et
605 825 723 874 eorum
735 806 974 873 attestationes
993 806 1156 893 publicari
1172 808 1220 873 vi·

178 920 277 987 dendi
294 924 327 987 in
343 928 449 990 testes
464 940 579 989 eorum
595 922 686 990 dicta
705 942 745 988 ac
767 926 886 989 contra
905 942 966 988 nos
985 921 1149 1008 producta
1164 923 1218 990 uel

179 1039 327 1106 cohibita
341 1039 473 1105 dicendi
494 1044 529 1106 et
554 1037 768 1126 reprobandi,
787 1039 915 1105 curiam
929 1043 964 1106 et
982 1037 1143 1106 dedoctus
1158 1039 1219 1105 ob·-

172 1155 322 1242 jiciendi‚
341 1156 375 1220 in
391 1155 502 1222 causis
523 1153 743 1222 concludendi
763 1159 798 1222 et
819 1153 1047 1223 concludenda
1068 1155 1217 1242 petendi,

172 1273 231 1359 jus
246 1272 538 1339 interlocutorium
567 1277 602 1339 et
631 1270 826 1337 diffinitivas
852 1272 1039 1338 sententias
1061 1270 1218 1337 audiendi

176 1387 218 1453 ab
236 1389 285 1454 eis
309 1393 343 1454 et
365 1408 386 1453 a
414 1387 563 1473 quolibet
591 1388 658 1454 alio'
692 1387 888 1475 gravamine
916 1385 980 1452 sibi
1007 1386 1142 1465 collato,
1164 1387 1218 1452 vel

177 1503 357 1586 inferendi,
378 1503 583 1590 provocandi
610 1507 644 1570 et
670 1502 860 1590 appellandi
881 1503 1158 1589 provocacionem
1185 1509 1220 1571 et

178 1620 437 1706 appellationem
447 1640 527 1685 suas
547 1640 773 1706 quascumque
783 1619 1020 1706 prosequendi,
1036 1618 1219 1686 innovandi

177 1737 370 1803 insinuandi
394 1742 429 1803 et
447 1735 639 1814 intimandi,
661 1736 903 1823 appellationes
920 1736 1056 1824 petendi
1081 1740 1116 1803 et
1130 1734 1221 1803 obti-

177 1854 290 1931 nendi,
324 1852 545 1940 expendendi,
563 1851 699 1938 petendi
721 1870 821 1939 super
833 1853 916 1938 ipsis
921 1852 1092 1938 juramen,
1102 1852 1221 1939 jurare

177 1993 240 2057 qne
259 1970 454 2057 adjudicare
470 1969 606 2036 videndi
627 1974 662 2036 et
677 1989 734 2036 eas
753 1968 949 2054 recipiendi,
969 1969 1077 2054 sique
1095 1966 1221 2036 luerint

179 2087 381 2175 adjudicate,
393 2087 589 2153 beneficium
601 2085 829 2153 absolucionis
845 2106 904 2152 sue
919 2086 1118 2171 simpliciter
1127 2091 1162 2153 et
1177 2085 1219 2152 ad

177 2204 344 2272 cautelam
357 2208 392 2271 et
406 2224 630 2291 quascumque
655 2204 742 2269 alias
761 2202 867 2269 bonas
882 2207 916 2269 et
936 2203 1037 2270 ntiles
1053 2207 1088 2270 et
1102 2223 1221 2269 neces-

177 2323 292 2387 sarias
335 2318 538 2407 impetrandi
571 2324 605 2386 et
647 2317 835 2395 obtinendi,
872 2307 1048 2385 cauciones
1088 2318 1219 2386 debitas

179 2436 281 2504 dandi
304 2458 344 2504 ac
363 2439 465 2504 etiam
489 2436 624 2523 petendi
642 2440 676 2503 et
700 2435 892 2522 requirendi
913 2455 935 2500 a
961 2435 1220 2522 quibuscumque

180 2550 323 2616 dominis
340 2549 577 2617 ecclesiasticis
589 2554 624 2616 et
642 2549 849 2617 secularibus
867 2550 1002 2617 litteras
1017 2551 1071 2616 vel
1088 2551 1221 2638 placete

179 2686 238 2732 seu
254 2665 415 2732 mandata
429 2665 564 2753 petendi
580 2671 614 2733 et
635 2664 821 2742 obtinendi,
844 2665 947 2731 alium
965 2686 1024 2732 seu
1042 2667 1127 2734 alios
1146 2687 1220 2754 pro-

179 2786 354 2848 curatores
370 2781 500 2847 locosui
510 2779 748 2864 substituendi,
763 2781 819 2868 qui
829 2781 979 2849 eamdem
988 2784 1041 2850 vel
1056 2784 1220 2850 minorem

181 2897 329 2965 habeant
347 2901 561 2984 potestatem,
579 2903 703 2965 etcum
722 2898 776 2964 vel
791 2918 849 2965 eos
864 2898 1045 2965 revocandi
1066 2901 1220 2986 quotiens

179 3017 261 3102 ipsis
275 3014 550 3102 procuratoribus
563 3016 690 3083 nostris
700 3015 869 3083 videbitur
877 3014 1070 3103 expediens,
1086 3038 1222 3104 prosen-

181 3132 208 3197 ti
223 3132 456 3219 procuratorio
479 3131 717 3198 nichilominus
736 3132 771 3198 in
790 3151 851 3200 suo
870 3133 990 3200 robore
1007 3132 1170 3201 duraturo
1187 3138 1221 3202 et

184 3248 390 3336 generaliter
400 3248 512 3314 omnia
522 3248 590 3314 alia
599 3252 633 3315 et
647 3248 781 3336 singula
794 3249 828 3314 in
841 3250 1016 3336 premissis
1026 3254 1061 3317 et
1074 3251 1222 3336 quolibet

184 3365 423 3451 premissorum
446 3369 481 3431 et
505 3370 693 3450 opportuna
716 3363 862 3432 faciendi
885 3372 920 3434 et
942 3367 1144 3454 procurandi
1160 3387 1222 3432 ne·

181 3480 342 3556 cessaria,
361 3501 424 3566 que
444 3500 507 3545 nos
524 3484 559 3567 et
578 3479 765 3546 faceremus
791 3502 850 3547 seu
865 3480 977 3548 lacere
990 3482 1221 3549 debuissemus

184 3597 212 3661 si
229 3595 270 3662 ad
283 3615 323 3661 ea
335 3600 509 3682 presentes
530 3600 695 3672 essemus,
720 3597 823 3664 etiam
842 3597 871 3662 si
893 3597 1088 3666 mandatum
1105 3600 1221 3686 exige·

183 3718 260 3780 rent
273 3713 382 3798 magis
398 3712 541 3798 speciale
554 3712 773 3798 promittendi
786 3713 875 3780 bona
890 3712 954 3780 lide
968 3719 1003 3782 et
1022 3715 1222 3803 subobliga-

184 3831 279 3895 cione
295 3828 456 3911 bonorum
466 3829 627 3910 virorum,
640 3849 701 3894 nos
716 3833 827 3898 ratum
843 3835 978 3918 gratum
993 3831 1118 3899 habere
1131 3832 1223 3918 quid·

182 3944 262 4031 quid
291 3964 351 4031 per
377 3943 486 4012 dictos
509 3948 748 4031 procuratores
783 3954 919 4014 nostros
941 3967 1002 4034 pro
1030 3947 1223 4035 hnjnsmodi
1263 3991 1266 3996 -

182 4065 302 4148 queste
330 4059 484 4126 faciende
514 4064 654 4140 actum,‘
671 4065 816 4149 gestum,
845 4061 1014 4130 factumve
1034 4062 1139 4131 fuerit
1164 4085 1223 4130 seu
