2790 4792
580 359 757 426 -39-

141 501 264 588 gnarit
275 500 398 588 viginti
414 499 543 566 duobus
560 500 671 567 annis,
684 499 783 565 Anno
802 500 910 584 ipsius
922 497 1050 565 decimo
1068 500 1185 585 quinto

141 616 272 683 factum
311 620 364 682 est
390 613 528 683 verbum
558 615 691 680 Domini
717 635 818 701 super
843 614 1053 694 Johannem,
1079 614 1185 681 filium

143 732 319 810 Zacharie,
334 732 369 794 in
384 729 530 797 deserto.
551 731 594 797 Et
609 731 769 796 Dominus
784 730 920 809 Jhesus,
932 730 1022 796 filius
1037 731 1096 795 Dei
1118 731 1185 797 vivi

145 851 247 913 natus
263 867 307 911 ex
315 846 427 911 Maria
439 846 583 932 virgine,
595 846 768 912 tricesimo
781 846 884 913 etatis
898 865 957 912 sue
970 865 1080 912 annoa
1095 844 1185 914 dicto

144 961 300 1028 Johanne
315 959 507 1045 baptizatur
522 962 557 1024 in
569 959 728 1037 iordane,
745 959 806 1025 sub
820 960 929 1026 altero
940 959 1073 1026 Herode
1089 980 1182 1046 rege,
1284 983 1288 990 ·

145 1076 241 1161 Gayo
255 1075 378 1141 Gesare
400 1073 547 1153 consule,
566 1072 652 1159 quod
670 1073 735 1141 fuit
753 1085 831 1140 vu1⁰
848 1073 936 1160 ydus
948 1075 967 1138 J
970 1075 1116 1152 anuarii,
1133 1073 1186 1139 ie-

143 1192 198 1256 ria
205 1210 268 1270 vr,
282 1190 465 1257 indictione
478 1205 543 1269 111⁸,
560 1190 641 1256 luna
653 1205 724 1256 xm.
738 1189 897 1275 Sequenti
910 1208 999 1254 anno
1013 1187 1031 1252 J
1034 1187 1185 1254 ohannes

145 1304 345 1396 decollatur,
371 1305 466 1392 cujus
488 1325 607 1392 corpus
640 1325 661 1372 a
681 1307 751 1371 suis
776 1304 950 1392 discipulis
968 1303 1137 1390 sepelitur.

410 1555 454 1602 DE
478 1555 611 1604 OSSIBUS
633 1555 728 1604 JUS'l'I
751 1555 916 1604 sunnonis

189 1769 334 1854 Symeon
358 1767 416 1834 ille
433 1768 547 1855 justus
564 1789 680 1846 senex,
703 1770 797 1856 cujus
813 1773 887 1836 etas
915 1773 1111 1855 comparata
1131 1773 1184 1837 est
1194 1768 1231 1830 10
1328 1835 1334 1846 ,

141 1885 251 1972 Anne,
269 1883 451 1949 secundum
465 1884 601 1965 Lucam,
619 1903 816 1969 responsum
827 1889 1030 1970 acceperata
1042 1884 1183 1971 Spiritu-

141 2000 267 2074 Sancto
278 2018 345 2064 non
360 2000 511 2065 visurum
529 2018 564 2064 se
580 2002 723 2066 mortem
736 1999 803 2064 nisi
815 2000 909 2085 prius
922 1999 1053 2067 videret
1064 1999 1183 2065 Chris-

140 2095 226 2182 tum.
239 2115 282 2181 Et
295 2119 472 2200 postquam
485 2114 735 2200 completi'sunt
748 2114 819 2180 dies
831 2116 1044 2203 purgationis
1057 2115 1177 2194 Marie,

141 2250 184 2295 ac
210 2229 299 2315 cepit
324 2248 463 2315 puerum
481 2230 620 2296 ihesum
641 2230 677 2295 in
706 2230 843 2316 templo,
869 2217 1050 2296 secundum
1072 2230 1180 2315 legem

140 2345 267 2430 Moysi,
286 2347 320 2413 et
343 2347 461 2411 tenens
488 2364 563 2410 eum
584 2346 619 2409 in
642 2343 739 2409 ulnas
763 2363 842 2409 suas
865 2343 1040 2411 benedixit
1062 2345 1177 2409 Deum.

139 2459 216 2523 Hiis
230 2460 336 2546 igitur
351 2460 399 2525 sic
414 2460 600 2545 completis,
618 2461 690 2546 ipse
707 2459 863 2546 Symeon,
883 2459 1065 2526 secundum
1085 2479 1180 2524 suam

137 2575 365 2661 propheciam,
388 2573 546 2640 dimissus
562 2578 615 2641 est
639 2577 674 2639 in
697 2595 791 2661 pace,
810 2579 858 2654 et,
888 2573 1068 2640 secundum
1092 2572 1180 2659 qnod

138 2690 266 2775 legitur
288 2690 323 2754 in
346 2688 566 2770 Nichodemo,
589 2691 624 2755 in
645 2691 705 2756 illa
726 2689 905 2777 magnilica
931 2689 1180 2756 resurrectione

139 2804 274 2870 Domini
298 2824 373 2870 cum
399 2806 476 2871 aliis
499 2803 655 2871 fidelibus
682 2810 734 2873 est
755 2805 796 2872 ab
817 2789 936 2872 inferis
957 2804 1108 2873 eductus.
1132 2807 1179 2870 De

138 2919 237 3007 cujus
258 2919 390 2985 ossibus
408 2921 569 3006 reliquias
583 2920 757 3000 habemus
775 2941 849 2986 oum
869 2922 1045 3008 legittimis
1061 2940 1177 3006 super·
1189 2931 1228 2994 20

136 3035 391 3126 scriptionibus,
406 3055 490 3121 ques
508 3035 691 3103 honorifice
705 3056 954 3105 conservamus.

184 3286 359 3335 nnnnfflo
381 3288 426 3335 DE
445 3287 573 3337 SANOTO
596 3288 707 3335 Punico
729 3288 773 3335 ΕΤ
797 3287 936 3336 cuculus
957 3285 1135 3335 apostolis

494 3404 538 3452 ET
561 3403 827 3452 EUVANGELISTIS

185 3614 213 3679 Ο
226 3614 338 3687 Petro,
354 3619 472 3701 pastor
485 3620 601 3683 sancte
616 3617 771 3703 princeps
785 3618 945 3700 Ecclesie‚
963 3615 1004 3680 de
1016 3619 1075 3681 tuo
1090 3615 1180 3700 prin·

133 3732 252 3816 cipaiu
272 3731 322 3798 tui
338 3731 487 3818 gaudent
506 3730 623 3797 famuli
647 3733 703 3818 qni
725 3732 793 3798 tuis
812 3731 1010 3817 patrociniis
1035 3734 1070 3795 et
1093 3729 1180 3796 coti-

112 3846 252 3931 ‚dianis
265 3845 436 3911 beneficiis
450 3825 697 3914 sustentantur.
720 3849 807 3915 Nam
827 3847 891 3911 fide
910 3850 970 3912 tue
988 3846 1179 3913 rectissima

136 3967 260 4029 nostra
269 3960 353 4028 fides
361 3943 602 4060 fecundiorest
609 3963 742 4035 effecta.
756 3962 996 4030 Percunctanti
1010 3979 1090 4028 vero
1103 3960 1179 4029 Sal·
