2790 4792
494 364 737 426 .-41-

126 506 180 570 los
203 504 342 590 maj0ris
369 502 512 568 fervoris
540 504 666 569 extitit.
690 503 782 568 Scire
805 503 1010 588 proditorem
1041 504 1172 569 Domini
1244 541 1248 548 ·
1289 579 1292 585 ¹

126 623 250 688 voluit.
278 621 372 687 Siout
400 619 483 686 dicit
503 621 733 706 Augustinus:
764 621 799 687 Si
818 621 940 687 Petrus
965 620 1173 708 proditorem

127 739 236 802 Jhesu
261 737 416 802 scivisset
438 757 513 800 eum
535 735 690 802 dentibus
709 735 936 822 dsoerpisset.
960 738 1004 803 Et
1021 737 1174 804 Crisoto·

128 872 229 917 mus:
254 851 289 917 Si
310 852 483 917 iohannes
502 852 708 936 proditorem
730 846 941 918 nominasset
959 853 1082 918 Petrus
1098 873 1172 917 eum

102 984 104 987 ·
130 968 287 1053 protinus
310 967 527 1033 trucidasset.
555 968 676 1034 Petrus
693 967 734 1033 ad
751 969 927 1033 Dominum
954 970 1129 1054 superivit,
1153 989 1173 1034 a

132 1082 275 1147 Domino
286 1085 433 1175 ‘vocatus
447 1080 522 1164 fuit,
541 1083 651 1148 claves
665 1083 811 1148 celorum
825 1103 845 1147 a
858 1084 924 1148 Deo
938 1084 1079 1168 accepit,
1093 1104 1174 1169 pas-

132 1198 256 1264 cendas
272 1217 350 1262 oves
368 1217 388 1260 a
404 1195 540 1263 Christo
566 1199 724 1283 suscepit,
744 1197 899 1263 claudum
924 1217 998 1262 cum
1020 1195 1174 1264 Johanne
1222 1184 1225 1189 ¹

132 1313 279 1389 sanavit,
314 1317 348 1379 et
381 1316 461 1378 tnnc
489 1314 634 1398 quinque
660 1313 755 1378 milia
787 1313 960 1378 hominnm
992 1314 1171 1390 convertit,

133 1430 266 1496 Ananis
286 1434 321 1495 et
344 1429 495 1524 Saphyre
523 1435 664 1496 mortem
695 1431 853 1516 predixit,
878 1432 1004 1497 Eneam
1028 1433 1172 1512 curavit,

125 1545 325 1611 'Cornelium
353 1545 550 1630 baptizavit,
580 1546 735 1611 Tabitam
761 1548 949 1623 suscitavit,
984 1546 1103 1613 umbra
1122 1549 1227 1624 sni10>

133 1661 284 1747 corporis
306 1659 457 1724 infirmos
479 1663 626 1743 sanavit,
650 1661 691 1726 ab
709 1662 841 1727 Herode
857 1663 1099 1738 incarceratus,
1115 1683 1175 1749 per
1271 1665 1278 1671 ’

134 1776 288 1862 angelum
315 1776 494 1842 liberatur.
525 1777 640 1850 Qualis
670 1786 782 1844 antem
796 1778 889 1843 cibus
912 1780 984 1865 ejus
1000 1778 1053 1844 vel
1075 1777 1176 1844 indu·

134 1896 282 1958 mentum
305 1890 420 1968 fuerit,
447 1893 518 1977 ipse
535 1893 569 1954 in
585 1891 670 1957 libro
681 1892 862 1959 Clementis
877 1897 1040 1974 testatur:
1056 1894 1172 1972 PaniS,

135 2008 258 2092 inquit,
274 2006 374 2071 michi
388 2026 462 2071 cum
475 2008 578 2073 olivis·
587 2013 622 2075 et
635 2026 713 2073 raro
729 2029 803 2074 cum
817 2008 961 2074 oleribus
974 2010 1009 2073 in
1024 2029 1087 2074 usu
1101 2014 1153 2076 est
1164 2031 1179 2088 ;,

135 2122 368 2187 indumentum
390 2122 462 2186 sola
485 2125 601 2189 tunica
630 2143 703 2191 cum
732 2123 846 2209 pallio.
871 2125 980 2189 Anno
994 2126 1098 2211 igitur
1121 2126 1177 2192 in.-

135 2238 345 2305 carnationis
360 2238 492 2306 Domini
517 2249 645 2303 xxxn1⁰
665 2239 736 2324 ipse
758 2230 889 2304 Jhes'us'
906 2240 994 2306 celos
1010 2219 1173 2308 ascendit.

135 2354 262 2419 Eodem
278 2372 379 2432 ann0,
395 2355 517 2420 Petrus
536 2355 571 2419 in
588 2375 757 2420 carcerem
784 2355 944 2433 mittitur,
964 2355 1113 2421 Herodes
1135 2357 1176 2422 ab

136 2471 257 2557 angelo
277 2471 484 2557 percutitur,
497 2475 531 2537 et
546 2469 660 2537 eodem
674 2465 762 2537 anno
780 2470 921 2536 ecclesia
944 2469 1092 2534 fidelium
1113 2490 1176 2554 que
1300 2479 1302 2483 ‘

135 2592 213 2654 erat
231 2586 464 2651 iherosolimis
480 2586 632 2672 dispersa
651 2590 726 2665 est;
753 2590 787 2651 et
801 2585 1059 2670 predicaverunt
1077 2604 1177 2669 apos-

135 2702 199 2768 toli
220 2701 375 2787 gentibus
399 2701 537 2768 verbum
553 2702 613 2766 Dei
629 2700 715 2786 quod
736 2705 937 2786 respuerant
950 2699 1059 2778 iudei.
1083 2699 1224 2765 Tun020

137 2818 261 2884 Petrus
282 2816 456 2884 descendit
479 2818 731 2894 Anthioohiam,
756 2822 791 2883 et
814 2837 873 2902 per
892 2821 1048 2902 septenos
1069 2837 1176 2882 annos

136 2934 382 3008 Antiochenam
398 2933 565 3019 fundavit,
583 2939 617 3000 et
629 2935 720 3001 rexit
734 2933 922 3010 ecclesiam,
940 2933 989 2998 ita
1005 2931 1092 3017 qnod
1109 2933 1177 2997 An·

136 3048 287 3114 thiochie
308 3050 627 3134 cognominarentur
653 3049 752 3135 primi
774 3049 965 3116 christiani.
988 3049 1072 3113 Dum
1096 3068 1177 3115 vero

137 3165 342 3231 Anthiochie
364 3165 567 3252 predicaret,
591 3169 626 3231 in
647 3165 883 3233 contumeliam
902 3165 1046 3231 nominis
1064 3163 1177 3236 Chris·

137 3281 225 3348 tiani
246 3282 471 3349 summitatem
486 3281 569 3368 ejus⁴
592 3283 712 3368 capitis
741 3280 954 3364 abraserunt,
977 3280 1063 3366 quod
1082 3284 1178 3366 post·

138 3395 271 3462 modum
300 3397 391 3461 omni
429 3397 519 3462 clero
546 3397 695 3464 traditur
726 3398 762 3461 in
793 3397 966 3462 honorem.
992 3395 1073 3461 Cum
1097 3414 1178 3482 ergo

137 3513 262 3577 Petrus
281 3511 483 3578 Anthiochie
499 3512 700 3597 predicaret,
721 3512 936 3598 Theophilus,
960 3513 1113 3597 princeps
1129 3509 1179 3574 oi·

137 3627 377 3704 vitatisillius,
394 3627 489 3692 iilum
508 3628 674 3694 vinculari
688 3626 778 3693 iecit.
802 3629 845 3693 Et
859 3627 937 3691 dum
949 3630 1039 3692 esset
1053 3626 1087 3688 in
1102 3642 1179 3688 oar-

136 3752 227 3809 cere,
242 3733 368 3797 Paulus
382 3733 565 3819 Theophilo
578 3735 631 3799 cni
648 3732 828 3797 familiaris
844 3738 919 3799 erat
934 3732 974 3796 de
994 3731 1177 3797 sanctitate

135 3848 234 3914 Petri
249 3847 394 3932 plurima
418 3847 514 3930 dixit,
534 3867 689 3913 asserens
705 3847 792 3932 quod
806 3848 834 3912 si
848 3866 922 3911 eum
942 3845 1043 3913 vellet
1062 3845 1225 3913 dimit-30

134 3970 212 4031 tere
230 3983 325 4052 suum
341 3951 455 4049 posset
472 3962 581 4049 ⁴filium
595 3951 783 4050 suscitare.
808 3963 915 4028 Erant
929 3965 1042 4048 autem
1064 3961 1179 4046 trede-
