2790 4792
408 427 464 501 sp
586 420 762 485 -47-

436 617 479 663 DE
503 615 630 663 811ΝοΤο
655 611 904 690 Bnaunououuo

194 831 341 897 Sanctus
371 826 627 893 Bartholomeus
660 824 747 912 apud
776 823 923 889 Yndiam
948 823 1191 909 Euvangelium

143 945 339 1033 predicavit
351 946 385 1009 et
399 942 482 1006 inibi
494 940 559 1006 fuit
570 941 736 1027 martyrio
747 943 939 1005 coronatus.
955 939 1057 1025 Cujus
1071 957 1191 1024 eorpus

145 1060 192 1127 ad
213 1059 361 1124 insulam
373 1056 518 1143 Lyparis
534 1056 643 1141 primo
657 1073 697 1120 ao
710 1052 829 1120 deiude
846 1073 935 1120 anno
954 1054 1086 1119 Domini
1099 1052 1191 1120 000ο

146 1172 288 1241 XXXI·
303 1173 345 1239 ad
362 1174 590 1240 Beneventum
609 1166 815 1240 'translatum
841 1170 897 1256 pia
916 1169 1134 1238 veneratione
1150 1167 1193 1233 fi-

150 1278 280 1356 delium
299 1285 494 1356 veneratur.

222 1529 265 1576 DE
288 1529 416 1579 SANCTO
439 1529 579 1579 Murano
603 1515 774 1576 Alosrono
798 1529 842 1576 ΕΤ
871 1526 1128 1577 EUVANGELISTA

135 1739 138 1742 ⁴
197 1744 342 1811 Sanetus
357 1742 516 1836 Mathaus
531 1742 704 1828 apostolus
724 1744 758 1807 et
772 1742 1006 1828 euvangelista
1022 1760 1042 1806 a
1058 1741 1194 1808 Christo

151 1865 296 1927 vocatus
324 1878 404 1925 mox
435 1859 631 1926 theloneum
663 1857 812 1943 reliquit.
852 1859 936 1924 Post
965 1857 1194 1922 ascensionem

152 1974 288 2041 Domini
312 1973 503 2060 Ethiopiam
524 1945 703 2040 voritatem
726 1972 904 2058 predicans
924 1971 1037 2058 gladio
1063 1975 1195 2056 marty·
1209 1976 1245 2039 10

152 2090 244 2154 rium
265 2107 385 2173 passus
402 2087 467 2153 fuit
483 2089 524 2153 ao
544 2087 668 2153 ibidem
689 2085 871 2153 honorifice
895 2088 1095 2153 tumulatus,
1114 2086 1195 2172 Ejus

154 2204 392 2290 euvangelium
415 2195 504 2269 anno
523 2203 656 2270 Domini
674 2202 820 2269 OOGCC⁰
839 2202 926 2288 quod
953 2204 1024 2268 suis
1040 2201 1195 2268 manibus

152 2320 337 2404 scripserat
349 2318 474 2385 hebreo
493 2314 660 2397 sermone,
678 2320 752 2405 ipso
770 2318 956 2396 revelante,
969 2322 1120 2404 tempore
1133 2317 1196 2382 Ze·

154 2434 255 2498 nonis
279 2434 495 2520 imperatoris
530 2434 704 2500 inventum
737 2431 801 2498 fuit
832 2453 907 2498 oum
941 2431 1073 2498 ossibus
1105 2432 1195 2498 beati

155 2548 323 2615 Barnabe.
344 2549 438 2625 Quod
462 2549 595 2636 quidem
616 2549 848 2636 euvangelium
867 2553 1006 2615 sanctus
1022 2547 1195 2614 Barnabas

153 2663 236 2729 dum
260 2663 395 2731 vivebat
421 2676 534 2730 seeum
561 2663 676 2730 ferens
702 2667 737 2730 et
762 2684 862 2750 super
885 2662 1038 2729 infirmos
1066 2682 1194 2749 ponens

152 2799 272 2844 omnes
299 2783 370 2846 tam
396 2779 468 2845 fide
495 2780 605 2847 sancti
632 2779 787 2845 Barnabe
807 2798 906 2865 quam
932 2779 1053 2846 merito
1084 2778 1195 2847 sancti

152 2895 286 2962 Mathei
302 2894 344 2961 ab
363 2895 618 2963 infirmitatibus
638 2895 819 2963 liberabat*

413 3118 457 3166 Du
479 3117 617 3167 sancus
636 3118 771 3167 SYMOND
793 3118 837 3165 ΕΤ
859 3117 945 3166 JUDA

201 3332 345 3398 Sanetus
366 3330 491 3416 Symon
516 3329 694 3396 Cananeus
714 3333 748 3396 et
764 3333 901 3397 sanctus
918 3330 937 3393 J
941 3329 1023 3396 udas
1036 3328 1193 3394 Thadeus
1207 3351 1246 3413 20

156 3445 449 3514 fratres-fuerunt
487 3447 595 3514 sancti
618 3445 742 3528 *iacobi
768 3446 910 3510 minoris
939 3449 974 3512 et
999 3443 1059 3511 filii
1088 3445 1197 3510 Marie

155 3562 316 3648 Cleophe.
330 3562 382 3626 Ex
397 3559 517 3646 quibus
531 3561 550 3625 J
553 3559 637 3628 udas
652 3558 808 3625 Thadeus
821 3560 908 3646 apud
922 3561 1197 3646 Mesopotamiam

155 3676 339 3773 veritatem
354 3675 476 3742 docuit.
501 3676 626 3762 Symon
643 3695 723 3742 vero
740 3676 776 3740 in
796 3677 929 3762 Egypto
949 3675 1048 3742 fidem
1066 3677 1198 3742 Domini

155 3790 358 3878 predicavit.
373 3790 499 3856 Postea
516 3791 551 3855 in
568 3790 709 3861 Persida
723 3791 874 3876 gentium
890 3790 1140 3861 multitudinem
1155 3791 1198 3858 ad

156 3905 337 3972 Dominum
358 3908 597 3974 converterunt
619 3912 653 3973 et
677 3905 759 3970 inibi
783 3906 985 3990 martyrium
1003 3927 1199 3974 consumma

154 4025 295 4091 verunt.
718 4018 723 4027 ’
890 4023 893 4027 ’
