2790 4792
578 425 756 490 -61-

397 717 573 766 NARRA'I'IO
596 718 641 766 DE
664 717 934 766 consuescamus

182 935 233 998 De
263 931 392 998 Christi
424 930 669 1010 sacerdotibus
704 932 909 1009 doctoribus
937 929 1186 997 consessoribus

134 1053 219 1134 post
236 1051 408 1132 martyres
424 1051 595 1113 tractetur
609 1050 666 1133 qui
686 1047 789 1113 corda
815 1045 963 1112 fidelium
983 1046 1186 1132 spiritaliter

137 1163 239 1248 quasi
262 1160 437 1246 ymbribus
465 1163 613 1246 irrigant
644 1162 844 1241 celestibus;
877 1162 933 1246 qui
960 1161 1092 1228 talenta
1121 1160 1184 1224 sibi

139 1276 272 1343 credita
286 1296 355 1342 non
376 1276 484 1341 solum
500 1274 642 1341 reddere
656 1296 773 1342 uerum
788 1277 891 1342 etiam
907 1294 980 1341 oum
992 1294 1096 1340 usura
1111 1275 1185 1339 sine

141 1388 263 1455 fraude
277 1389 483 1475 amplificare
499 1396 768 1476 procuraverunt
783 1413 790 1470 ;
814 1391 870 1476 qui
884 1389 1007 1455 bonum
1023 1388 1109 1474 quod
1126 1408 1186 1474 per

42 1491 49 1499 ’
141 1505 290 1591 gratiam
305 1505 583 1591 Spiritus-Sancti
598 1505 819 1593 intelligendo
837 1505 1039 1579 didicerunt,
1056 1524 1122 1570 non
1137 1504 1185 1568 si-

140 1619 247 1687 bimet
264 1618 496 1686 tantummodo
523 1620 581 1685 sed
607 1625 643 1688 et
657 1621 747 1686 aliis
770 1620 996 1707 subJectorum
1016 1619 1186 1686 mentibus

140 1731 367 1817 profuturum,
393 1734 576 1800 secundum
597 1736 743 1821 apostoli
768 1739 974 1827 preceptum,
997 1732 1183 1820 arguendo,

141 1847 361 1927 obsecrando,
380 1850 586 1937 increpando
604 1870 785 1936 curamque
802 1848 956 1916 faciendo
972 1851 1123 1915 inserere
1137 1849 1186 1914 ni·
1199 1851 1234 1914 ¹0

139 1961 312 2029 lebantur.
339 1963 482 2039 Quidam
501 1983 582 2030 uero
605 1985 649 2030 ex
671 1965 755 2050 ipsis
771 1966 945 2050 perraria
961 1964 1089 2030 heremi
1113 1964 1186 2028 loca

142 2066 177 2130 in
189 2067 355 2153 speluncis
367 2073 402 2135 et
412 2069 506 2134 cellis
516 2068 647 2134 modico
659 2071 810 2136 contenti
822 2068 944 2154 pabulo
955 2069 1182 2146 demorantes

141 2181 292 2246 ciborum
312 2187 512 2268 spernentes
528 2183 677 2266 delicias,
695 2182 814 2250 bestiis
834 2185 1006 2262 associati,
1021 2185 1121 2250 luxus
1136 2205 1185 2250 se·

139 2297 208 2361 culi
223 2298 405 2375 calcantes,
422 2297 556 2363 laudem
572 2299 792 2385 temporalem
815 2319 883 2364 non
907 2304 1074 2377 amantes,
1091 2301 1195 2365 visus·

139 2411 313 2477 bominum
333 2411 516 2499 fugientes,
535 2415 732 2500 angelorum
749 2417 876 2482 assueti
900 2415 1050 2499 loquelis,
1078 2415 1185 2499 signis

140 2529 307 2595 uirtutum
322 2528 579 2615 quamplurimis
595 2528 762 2597 effulsere.
782 2532 825 2598 Et
839 2530 919 2597 licet
932 2533 1184 2616 persecutorum

140 2662 209 2709 non
226 2643 414 2710 sensissent
434 2644 597 2730 gladium,
624 2649 739 2712 tamen
763 2666 823 2731 per
843 2646 913 2711 vite
938 2645 1094 2711 meritum
1117 2643 1184 2708 Deo

139 2756 235 2842 digni
265 2759 431 2842 martyrio
460 2777 527 2824 non
556 2759 756 2843 privantor;
788 2759 866 2843 quia
892 2759 1093 2844 martyrium
1117 2777 1184 2822 non
1280 2803 1284 2812 -

142 2870 251 2938 solum
271 2873 446 2959 sanguinis
473 2871 636 2939 effusione
657 2873 715 2938 sed
735 2873 945 2941 abstinencia
964 2880 1185 2960 peccatorum

142 2992 177 3052 et
193 2987 436 3053 exercitatione
458 2988 518 3053 Dei
544 2987 717 3074 perficitur
738 2994 983 3074 preceptorum.
1001 2989 1185 3053 Multorum
1196 2989 1233 3050 20

140 3103 385 3183 confessorum,
400 3106 626 3184 sacerdotum,
641 3106 814 3175 doctorum
827 3113 862 3174 et
874 3107 1031 3172 abbatum
1047 3124 1185 3189 corpora

142 3242 203 3286 seu
218 3220 388 3306 reliquias
405 3221 568 3286 babemus
584 3210 657 3288 loco
675 3242 735 3288 suo
751 3221 932 3288 secundum
949 3221 1110 3286 letaniam
1126 3218 1186 3282 de-

140 3337 337 3404 clarandas.

409 3589 452 3635 DE
473 3588 594 3637 caelus:
619 3590 739 3640 sANc‘rl
764 3590 924 3639 GREGORII

190 3797 315 3863 Beatus
330 3797 527 3884 Gregorius,
544 3797 635 3864 filius
653 3799 816 3866 Gordiani
834 3818 852 3863 e
872 3819 933 3864 sua
949 3816 1052 3863 uxore
1067 3796 1183 3874 Silvia,

141 3933 188 3978 ex
203 3917 398 3980 senatorum
409 3915 567 3999 prosapia
583 3914 689 4000 cujus,
702 3918 838 3981 attavus
850 3914 914 3980 fuit
928 3917 1064 3980 sanctus
1075 3914 1183 3991 Felix,

138 4047 233 4116 papa
274 4029 459 4107 Romanus,
487 4028 654 4097 defunctis
691 4029 907 4117 parentibus,
944 4029 1083 4097 liberam
1116 4031 1187 4097 dis-
