<?xml version="1.0" encoding="UTF-8"?>
<!DOCTYPE html PUBLIC "-//W3C//DTD XHTML 1.0 Transitional//EN"
    "http://www.w3.org/TR/xhtml1/DTD/xhtml1-transitional.dtd">
<html xmlns="http://www.w3.org/1999/xhtml" xml:lang="en" lang="en">
 <head>
  <title>
</title>
<meta http-equiv="Content-Type" content="text/html;charset=utf-8" />
  <meta name='ocr-system' content='tesseract 3.04.00' />
  <meta name='ocr-capabilities' content='ocr_page ocr_carea ocr_par ocr_line ocrx_word'/>
</head>
<body>
  <div class='ocr_page' id='page_1' title='image "./lelivredesreliq00jullgoog_0149.png"; bbox 0 0 2790 4792; ppageno 0'>
   <div class='ocr_carea' id='block_1_1' title="bbox 657 107 854 176">
    <p class='ocr_par' dir='ltr' id='par_1_1' title="bbox 657 107 854 176">
     <span class='ocr_line' id='line_1_1' title="bbox 657 107 854 176; baseline 0 -15"><span class='ocrx_word' id='word_1_1' title='bbox 657 107 854 176; x_wconf 83' lang='lat'>-106-</span> 
     </span>
    </p>
   </div>
   <div class='ocr_carea' id='block_1_2' title="bbox 235 251 1282 1250">
    <p class='ocr_par' dir='ltr' id='par_1_2' title="bbox 235 251 1282 1250">
     <span class='ocr_line' id='line_1_2' title="bbox 241 251 1278 341; baseline -0.004 -20"><span class='ocrx_word' id='word_1_2' title='bbox 241 254 282 321; x_wconf 91' lang='lat' dir='ltr'><strong>ad</strong></span> <span class='ocrx_word' id='word_1_3' title='bbox 296 251 554 341; x_wconf 77' lang='lat' dir='ltr'><strong>crucifigendum</strong></span> <span class='ocrx_word' id='word_1_4' title='bbox 567 258 664 321; x_wconf 90' lang='lat' dir='ltr'><strong>sexta</strong></span> <span class='ocrx_word' id='word_1_5' title='bbox 680 252 777 332; x_wconf 82' lang='lat' dir='ltr'><strong>feria,</strong></span> <span class='ocrx_word' id='word_1_6' title='bbox 792 255 826 318; x_wconf 94' lang='lat' dir='ltr'><strong>in</strong></span> <span class='ocrx_word' id='word_1_7' title='bbox 840 272 881 318; x_wconf 89' lang='lat' dir='ltr'><strong>ea</strong></span> <span class='ocrx_word' id='word_1_8' title='bbox 896 272 932 318; x_wconf 88' lang='lat' dir='ltr'><strong>se</strong></span> <span class='ocrx_word' id='word_1_9' title='bbox 946 251 1138 322; x_wconf 77' lang='lat' dir='ltr'><strong>abstinebat</strong></span> <span class='ocrx_word' id='word_1_10' title='bbox 1155 253 1278 340; x_wconf 84' lang='lat' dir='ltr'><strong>magis,</strong></span> 
     </span>
     <span class='ocr_line' id='line_1_3' title="bbox 240 367 1281 455; baseline -0.001 -20"><span class='ocrx_word' id='word_1_11' title='bbox 240 374 274 437; x_wconf 88' lang='lat' dir='ltr'><strong>et</strong></span> <span class='ocrx_word' id='word_1_12' title='bbox 291 389 406 435; x_wconf 91' lang='lat' dir='ltr'><strong>omnes</strong></span> <span class='ocrx_word' id='word_1_13' title='bbox 421 369 599 437; x_wconf 87' lang='lat' dir='ltr'><strong>christiani</strong></span> <span class='ocrx_word' id='word_1_14' title='bbox 619 369 734 435; x_wconf 91' lang='lat' dir='ltr'><strong>fideles</strong></span> <span class='ocrx_word' id='word_1_15' title='bbox 754 367 895 436; x_wconf 84' lang='lat' dir='ltr'><strong>tradunt</strong></span> <span class='ocrx_word' id='word_1_16' title='bbox 916 388 1036 455; x_wconf 84' lang='lat' dir='ltr'><strong>corpus</strong></span> <span class='ocrx_word' id='word_1_17' title='bbox 1054 388 1150 434; x_wconf 90' lang='lat' dir='ltr'><strong>suum</strong></span> <span class='ocrx_word' id='word_1_18' title='bbox 1166 368 1211 435; x_wconf 87' lang='lat' dir='ltr'><strong>ad</strong></span> <span class='ocrx_word' id='word_1_19' title='bbox 1226 369 1281 455; x_wconf 88' lang='lat' dir='ltr'><strong>je·</strong></span> 
     </span>
     <span class='ocr_line' id='line_1_4' title="bbox 235 484 1282 573; baseline 0 -22"><span class='ocrx_word' id='word_1_20' title='bbox 235 484 434 573; x_wconf 88' lang='lat' dir='ltr'><strong>junandum.</strong></span> <span class='ocrx_word' id='word_1_21' title='bbox 451 487 490 551; x_wconf 90' lang='lat' dir='ltr'><strong>In</strong></span> <span class='ocrx_word' id='word_1_22' title='bbox 511 488 669 573; x_wconf 85' lang='lat' dir='ltr'><strong>primum,</strong></span> <span class='ocrx_word' id='word_1_23' title='bbox 689 505 823 551; x_wconf 89' lang='lat' dir='ltr'><strong>carnem</strong></span> <span class='ocrx_word' id='word_1_24' title='bbox 841 504 908 551; x_wconf 91' lang='lat' dir='ltr'><strong>non</strong></span> <span class='ocrx_word' id='word_1_25' title='bbox 934 485 1089 561; x_wconf 89' lang='lat' dir='ltr'><strong>comedit,</strong></span> <span class='ocrx_word' id='word_1_26' title='bbox 1116 486 1197 571; x_wconf 89' lang='lat' dir='ltr'><strong>quia</strong></span> <span class='ocrx_word' id='word_1_27' title='bbox 1214 487 1282 551; x_wconf 91' lang='lat' dir='ltr'><strong>Do-</strong></span> 
     </span>
     <span class='ocr_line' id='line_1_5' title="bbox 241 601 1279 689; baseline 0.002 -23"><span class='ocrx_word' id='word_1_28' title='bbox 241 602 351 667; x_wconf 87' lang='lat' dir='ltr'><strong>minus</strong></span> <span class='ocrx_word' id='word_1_29' title='bbox 364 606 481 669; x_wconf 90' lang='lat' dir='ltr'><strong>noster</strong></span> <span class='ocrx_word' id='word_1_30' title='bbox 496 602 655 689; x_wconf 85' lang='lat' dir='ltr'><strong>dignatus</strong></span> <span class='ocrx_word' id='word_1_31' title='bbox 671 607 724 670; x_wconf 89' lang='lat' dir='ltr'><strong>est</strong></span> <span class='ocrx_word' id='word_1_32' title='bbox 736 621 870 668; x_wconf 90' lang='lat' dir='ltr'><strong>carnem</strong></span> <span class='ocrx_word' id='word_1_33' title='bbox 887 603 1036 688; x_wconf 88' lang='lat' dir='ltr'><strong>corporis</strong></span> <span class='ocrx_word' id='word_1_34' title='bbox 1052 603 1103 667; x_wconf 89' lang='lat' dir='ltr'><strong>sui</strong></span> <span class='ocrx_word' id='word_1_35' title='bbox 1121 601 1279 681; x_wconf 86' lang='lat' dir='ltr'><strong>tradere;</strong></span> 
     </span>
     <span class='ocr_line' id='line_1_6' title="bbox 241 717 1281 811; baseline 0 -27"><span class='ocrx_word' id='word_1_36' title='bbox 241 723 275 785; x_wconf 92' lang='lat' dir='ltr'><strong>et</strong></span> <span class='ocrx_word' id='word_1_37' title='bbox 295 719 492 811; x_wconf 8' lang='lat' dir='ltr'><strong>vinumqnon</strong></span> <span class='ocrx_word' id='word_1_38' title='bbox 511 718 604 796; x_wconf 84' lang='lat' dir='ltr'><strong>bibit,</strong></span> <span class='ocrx_word' id='word_1_39' title='bbox 622 720 699 805; x_wconf 92' lang='lat' dir='ltr'><strong>quia</strong></span> <span class='ocrx_word' id='word_1_40' title='bbox 714 720 748 783; x_wconf 94' lang='lat' dir='ltr'><strong>in</strong></span> <span class='ocrx_word' id='word_1_41' title='bbox 765 719 839 805; x_wconf 87' lang='lat' dir='ltr'><strong>ipsa</strong></span> <span class='ocrx_word' id='word_1_42' title='bbox 857 717 910 784; x_wconf 91' lang='lat' dir='ltr'><strong>die</strong></span> <span class='ocrx_word' id='word_1_43' title='bbox 931 717 972 784; x_wconf 89' lang='lat' dir='ltr'><strong>de</strong></span> <span class='ocrx_word' id='word_1_44' title='bbox 991 717 1119 784; x_wconf 82' lang='lat' dir='ltr'>Christi</span> <span class='ocrx_word' id='word_1_45' title='bbox 1141 738 1281 805; x_wconf 87' lang='lat' dir='ltr'><strong>corpore</strong></span> 
     </span>
     <span class='ocr_line' id='line_1_7' title="bbox 241 832 1281 921; baseline 0.001 -24"><span class='ocrx_word' id='word_1_46' title='bbox 241 834 379 920; x_wconf 84' lang='lat' dir='ltr'><strong>sanguis</strong></span> <span class='ocrx_word' id='word_1_47' title='bbox 394 835 520 912; x_wconf 88' lang='lat' dir='ltr'><strong>exivit;</strong></span> <span class='ocrx_word' id='word_1_48' title='bbox 547 841 634 921; x_wconf 76' lang='lat' dir='ltr'><strong>aqua</strong></span> <span class='ocrx_word' id='word_1_49' title='bbox 649 833 768 900; x_wconf 87' lang='lat' dir='ltr'><strong>faciem</strong></span> <span class='ocrx_word' id='word_1_50' title='bbox 797 853 890 899; x_wconf 89' lang='lat' dir='ltr'><strong>suam</strong></span> <span class='ocrx_word' id='word_1_51' title='bbox 913 853 980 898; x_wconf 93' lang='lat' dir='ltr'><strong>non</strong></span> <span class='ocrx_word' id='word_1_52' title='bbox 1005 832 1089 900; x_wconf 83' lang='lat' dir='ltr'><strong>lavit</strong></span> <span class='ocrx_word' id='word_1_53' title='bbox 1115 834 1195 919; x_wconf 91' lang='lat' dir='ltr'><strong>quia</strong></span> <span class='ocrx_word' id='word_1_54' title='bbox 1215 853 1281 898; x_wconf 93' lang='lat' dir='ltr'><strong>una</strong></span> 
     </span>
     <span class='ocr_line' id='line_1_8' title="bbox 241 949 1279 1037; baseline -0.001 -22"><span class='ocrx_word' id='word_1_55' title='bbox 241 969 315 1015; x_wconf 92' lang='lat' dir='ltr'><strong>cum</strong></span> <span class='ocrx_word' id='word_1_56' title='bbox 336 951 498 1037; x_wconf 83' lang='lat' dir='ltr'><strong>sanguine</strong></span> <span class='ocrx_word' id='word_1_57' title='bbox 523 949 563 1015; x_wconf 90' lang='lat' dir='ltr'><strong>de</strong></span> <span class='ocrx_word' id='word_1_58' title='bbox 585 970 722 1036; x_wconf 89' lang='lat' dir='ltr'><strong>corpore</strong></span> <span class='ocrx_word' id='word_1_59' title='bbox 741 949 868 1017; x_wconf 79' lang='lat' dir='ltr'>Christi</span> <span class='ocrx_word' id='word_1_60' title='bbox 890 969 977 1035; x_wconf 87' lang='lat' dir='ltr'><strong>aqua</strong></span> <span class='ocrx_word' id='word_1_61' title='bbox 1001 949 1118 1016; x_wconf 82' lang='lat' dir='ltr'><strong>exivit.</strong></span> <span class='ocrx_word' id='word_1_62' title='bbox 1141 949 1279 1016; x_wconf 90' lang='lat' dir='ltr'><strong>Nullum</strong></span> 
     </span>
     <span class='ocr_line' id='line_1_9' title="bbox 240 1064 1280 1152; baseline 0.002 -21"><span class='ocrx_word' id='word_1_63' title='bbox 240 1085 323 1152; x_wconf 92' lang='lat' dir='ltr'><strong>opus</strong></span> <span class='ocrx_word' id='word_1_64' title='bbox 342 1064 489 1133; x_wconf 83' lang='lat' dir='ltr'><strong>faciebat</strong></span> <span class='ocrx_word' id='word_1_65' title='bbox 509 1067 543 1130; x_wconf 95' lang='lat' dir='ltr'><strong>in</strong></span> <span class='ocrx_word' id='word_1_66' title='bbox 565 1085 617 1144; x_wconf 88' lang='lat' dir='ltr'><strong>ea,</strong></span> <span class='ocrx_word' id='word_1_67' title='bbox 649 1067 727 1152; x_wconf 89' lang='lat' dir='ltr'><strong>quia</strong></span> <span class='ocrx_word' id='word_1_68' title='bbox 751 1065 822 1132; x_wconf 89' lang='lat' dir='ltr'><strong>dies</strong></span> <span class='ocrx_word' id='word_1_69' title='bbox 839 1064 1030 1134; x_wconf 90' lang='lat' dir='ltr'><strong>dimittendi</strong></span> <span class='ocrx_word' id='word_1_70' title='bbox 1053 1070 1194 1152; x_wconf 89' lang='lat' dir='ltr'><strong>peccata</strong></span> <span class='ocrx_word' id='word_1_71' title='bbox 1217 1067 1280 1133; x_wconf 90' lang='lat' dir='ltr'><strong>ho·</strong></span> 
     </span>
     <span class='ocr_line' id='line_1_10' title="bbox 240 1183 469 1250; baseline 0.013 -3"><span class='ocrx_word' id='word_1_72' title='bbox 240 1183 368 1249; x_wconf 93' lang='lat' dir='ltr'><strong>minum</strong></span> <span class='ocrx_word' id='word_1_73' title='bbox 383 1189 469 1250; x_wconf 89' lang='lat' dir='ltr'><strong>erat.</strong></span> 
     </span>
    </p>
   </div>
   <div class='ocr_carea' id='block_1_3' title="bbox 195 1298 1391 1630">
    <p class='ocr_par' dir='ltr' id='par_1_3' title="bbox 195 1298 1391 1630">
     <span class='ocr_line' id='line_1_11' title="bbox 195 1298 546 1378; baseline 0.014 -14"><span class='ocrx_word' id='word_1_74' title='bbox 195 1309 230 1372; x_wconf 79' lang='grc' dir='ltr'><strong>ιο</strong></span> <span class='ocrx_word' id='word_1_75' title='bbox 283 1301 316 1378; x_wconf 75' lang='lat' dir='ltr'><strong>b.</strong></span> <span class='ocrx_word' id='word_1_76' title='bbox 343 1298 470 1367; x_wconf 86' lang='lat' dir='ltr'><strong>Diffusa</strong></span> <span class='ocrx_word' id='word_1_77' title='bbox 482 1305 546 1369; x_wconf 88' lang='lat' dir='ltr'><strong>est.</strong></span> 
     </span>
     <span class='ocr_line' id='line_1_12' title="bbox 283 1415 1387 1511; baseline 0.003 -29"><span class='ocrx_word' id='word_1_78' title='bbox 283 1419 388 1484; x_wconf 78' lang='lat' dir='ltr'><strong>Lectio</strong></span> <span class='ocrx_word' id='word_1_79' title='bbox 404 1419 449 1482; x_wconf 84' lang='lat' dir='ltr'><strong>IL</strong></span> <span class='ocrx_word' id='word_1_80' title='bbox 466 1415 524 1504; x_wconf 86' lang='lat' dir='ltr'><strong>(l).</strong></span> <span class='ocrx_word' id='word_1_81' title='bbox 545 1417 627 1484; x_wconf 84' lang='lat' dir='ltr'><strong>Cum</strong></span> <span class='ocrx_word' id='word_1_82' title='bbox 648 1422 760 1485; x_wconf 90' lang='lat' dir='ltr'><strong>autem</strong></span> <span class='ocrx_word' id='word_1_83' title='bbox 786 1422 877 1486; x_wconf 88' lang='lat' dir='ltr'><strong>esset</strong></span> <span class='ocrx_word' id='word_1_84' title='bbox 900 1416 1000 1485; x_wconf 85' lang='lat' dir='ltr'><strong>beate</strong></span> <span class='ocrx_word' id='word_1_85' title='bbox 1024 1418 1160 1484; x_wconf 79' lang='lat' dir='ltr'><strong>Venere</strong></span> <span class='ocrx_word' id='word_1_86' title='bbox 1182 1439 1387 1511; x_wconf 40' lang='lat' dir='ltr'><strong>supe*=</strong></span> 
     </span>
     <span class='ocr_line' id='line_1_13' title="bbox 241 1533 1391 1630; baseline 0.002 -32"><span class='ocrx_word' id='word_1_87' title='bbox 241 1533 359 1600; x_wconf 87' lang='lat' dir='ltr'><strong>solium</strong></span> <span class='ocrx_word' id='word_1_88' title='bbox 376 1535 485 1621; x_wconf 86' lang='lat' dir='ltr'><strong>patris</strong></span> <span class='ocrx_word' id='word_1_89' title='bbox 501 1535 567 1613; x_wconf 86' lang='lat' dir='ltr'><strong>sui,</strong></span> <span class='ocrx_word' id='word_1_90' title='bbox 582 1535 618 1600; x_wconf 92' lang='lat' dir='ltr'><strong>in</strong></span> <span class='ocrx_word' id='word_1_91' title='bbox 635 1554 760 1602; x_wconf 83' lang='lat' dir='ltr'><strong>aurora</strong></span> <span class='ocrx_word' id='word_1_92' title='bbox 779 1533 867 1601; x_wconf 89' lang='lat' dir='ltr'><strong>radii</strong></span> <span class='ocrx_word' id='word_1_93' title='bbox 889 1533 982 1612; x_wconf 87' lang='lat' dir='ltr'><strong>solis,</strong></span> <span class='ocrx_word' id='word_1_94' title='bbox 1008 1537 1148 1620; x_wconf 88' lang='lat' dir='ltr'><strong>pectens</strong></span> <span class='ocrx_word' id='word_1_95' title='bbox 1171 1535 1261 1600; x_wconf 89' lang='lat' dir='ltr'><strong>crine</strong></span> <span class='ocrx_word' id='word_1_96' title='bbox 1347 1582 1391 1630; x_wconf 65' lang='lat' dir='ltr'>S</span> 
     </span>
    </p>
   </div>
   <div class='ocr_carea' id='block_1_4' title="bbox 189 1649 1384 3589">
    <p class='ocr_par' dir='ltr' id='par_1_4' title="bbox 189 1649 1384 3589">
     <span class='ocr_line' id='line_1_14' title="bbox 241 1649 1384 1746; baseline 0 -29"><span class='ocrx_word' id='word_1_97' title='bbox 241 1651 360 1737; x_wconf 88' lang='lat' dir='ltr'><strong>capitis</strong></span> <span class='ocrx_word' id='word_1_98' title='bbox 382 1653 445 1730; x_wconf 91' lang='lat' dir='ltr'><strong>sui,</strong></span> <span class='ocrx_word' id='word_1_99' title='bbox 465 1650 551 1718; x_wconf 82' lang='lat' dir='ltr'><strong>dixit</strong></span> <span class='ocrx_word' id='word_1_100' title='bbox 571 1649 613 1716; x_wconf 89' lang='lat' dir='ltr'><strong>ad</strong></span> <span class='ocrx_word' id='word_1_101' title='bbox 631 1651 777 1739; x_wconf 89' lang='lat' dir='ltr'><strong>puellam</strong></span> <span class='ocrx_word' id='word_1_102' title='bbox 797 1671 860 1737; x_wconf 91' lang='lat' dir='ltr'><strong>que</strong></span> <span class='ocrx_word' id='word_1_103' title='bbox 875 1654 950 1718; x_wconf 90' lang='lat' dir='ltr'><strong>erat</strong></span> <span class='ocrx_word' id='word_1_104' title='bbox 969 1670 1043 1716; x_wconf 91' lang='lat' dir='ltr'><strong>oum</strong></span> <span class='ocrx_word' id='word_1_105' title='bbox 1059 1670 1117 1716; x_wconf 89' lang='lat' dir='ltr'><strong>ea:</strong></span> <span class='ocrx_word' id='word_1_106' title='bbox 1141 1649 1227 1717; x_wconf 88' lang='lat' dir='ltr'><strong>vade</strong></span> <span class='ocrx_word' id='word_1_107' title='bbox 1246 1671 1384 1746; x_wconf 55' lang='lat' dir='ltr'><strong>Qt</strong></span> 
     </span>
     <span class='ocr_line' id='line_1_15' title="bbox 241 1763 1375 1861; baseline 0.001 -30"><span class='ocrx_word' id='word_1_108' title='bbox 241 1763 324 1831; x_wconf 85' lang='lat' dir='ltr'><strong>affer</strong></span> <span class='ocrx_word' id='word_1_109' title='bbox 345 1765 429 1831; x_wconf 90' lang='lat' dir='ltr'><strong>mibi</strong></span> <span class='ocrx_word' id='word_1_110' title='bbox 452 1767 634 1854; x_wconf 86' lang='lat' dir='ltr'><strong>smigmata</strong></span> <span class='ocrx_word' id='word_1_111' title='bbox 656 1771 690 1834; x_wconf 91' lang='lat' dir='ltr'><strong>et</strong></span> <span class='ocrx_word' id='word_1_112' title='bbox 714 1769 940 1854; x_wconf 88' lang='lat' dir='ltr'><strong>unguentum,</strong></span> <span class='ocrx_word' id='word_1_113' title='bbox 967 1769 1005 1832; x_wconf 90' lang='lat' dir='ltr'><strong>ut</strong></span> <span class='ocrx_word' id='word_1_114' title='bbox 1032 1784 1157 1853; x_wconf 87' lang='lat' dir='ltr'><strong>ungam</strong></span> <span class='ocrx_word' id='word_1_115' title='bbox 1181 1786 1375 1861; x_wconf 65' lang='lat' dir='ltr'><strong>021pr</strong></span> 
     </span>
     <span class='ocr_line' id='line_1_16' title="bbox 240 1881 1364 1973; baseline 0.001 -25"><span class='ocrx_word' id='word_1_116' title='bbox 240 1902 362 1948; x_wconf 89' lang='lat' dir='ltr'><strong>meum.</strong></span> <span class='ocrx_word' id='word_1_117' title='bbox 392 1881 474 1948; x_wconf 83' lang='lat' dir='ltr'><strong>Cum</strong></span> <span class='ocrx_word' id='word_1_118' title='bbox 495 1886 607 1948; x_wconf 90' lang='lat' dir='ltr'><strong>autem</strong></span> <span class='ocrx_word' id='word_1_119' title='bbox 635 1883 701 1951; x_wconf 85' lang='lat' dir='ltr'><strong>iret</strong></span> <span class='ocrx_word' id='word_1_120' title='bbox 728 1883 852 1969; x_wconf 88' lang='lat' dir='ltr'><strong>puella,</strong></span> <span class='ocrx_word' id='word_1_121' title='bbox 884 1883 1049 1950; x_wconf 83' lang='lat' dir='ltr'><strong>remansit</strong></span> <span class='ocrx_word' id='word_1_122' title='bbox 1081 1882 1153 1949; x_wconf 90' lang='lat' dir='ltr'><strong>sola</strong></span> <span class='ocrx_word' id='word_1_123' title='bbox 1182 1881 1364 1973; x_wconf 44' lang='lat' dir='ltr'><strong>beata</strong></span> 
     </span>
     <span class='ocr_line' id='line_1_17' title="bbox 240 1993 1353 2073; baseline -0.001 -12"><span class='ocrx_word' id='word_1_124' title='bbox 240 1996 386 2071; x_wconf 83' lang='lat' dir='ltr'><strong>Venere,</strong></span> <span class='ocrx_word' id='word_1_125' title='bbox 402 1998 437 2060; x_wconf 91' lang='lat' dir='ltr'><strong>et</strong></span> <span class='ocrx_word' id='word_1_126' title='bbox 451 2015 527 2060; x_wconf 89' lang='lat' dir='ltr'><strong>ecce</strong></span> <span class='ocrx_word' id='word_1_127' title='bbox 542 1993 582 2060; x_wconf 92' lang='lat' dir='ltr'><strong>de</strong></span> <span class='ocrx_word' id='word_1_128' title='bbox 602 1995 711 2062; x_wconf 89' lang='lat' dir='ltr'><strong>medio</strong></span> <span class='ocrx_word' id='word_1_129' title='bbox 731 1994 812 2061; x_wconf 90' lang='lat' dir='ltr'><strong>solis</strong></span> <span class='ocrx_word' id='word_1_130' title='bbox 832 1993 919 2060; x_wconf 86' lang='lat' dir='ltr'><strong>radii</strong></span> <span class='ocrx_word' id='word_1_131' title='bbox 945 1995 1130 2063; x_wconf 86' lang='lat' dir='ltr'><strong>exivitvox</strong></span> <span class='ocrx_word' id='word_1_132' title='bbox 1144 1995 1247 2062; x_wconf 82' lang='lat' dir='ltr'><strong>dicen</strong></span> <span class='ocrx_word' id='word_1_133' title='bbox 1263 2027 1314 2073; x_wconf 67' lang='lat' dir='ltr'>s</span> <span class='ocrx_word' id='word_1_134' title='bbox 1344 2031 1353 2073; x_wconf 84' lang='grc'><em>;</em></span> 
     </span>
     <span class='ocr_line' id='line_1_18' title="bbox 240 2109 1341 2200; baseline 0.002 -23"><span class='ocrx_word' id='word_1_135' title='bbox 240 2112 399 2177; x_wconf 88' lang='lat' dir='ltr'><strong>Dominus</strong></span> <span class='ocrx_word' id='word_1_136' title='bbox 422 2115 545 2188; x_wconf 86' lang='lat' dir='ltr'><strong>tecum,</strong></span> <span class='ocrx_word' id='word_1_137' title='bbox 571 2111 694 2197; x_wconf 88' lang='lat' dir='ltr'><strong>puella,</strong></span> <span class='ocrx_word' id='word_1_138' title='bbox 721 2131 783 2197; x_wconf 91' lang='lat' dir='ltr'><strong>que</strong></span> <span class='ocrx_word' id='word_1_139' title='bbox 808 2109 903 2176; x_wconf 89' lang='lat' dir='ltr'><strong>sedes</strong></span> <span class='ocrx_word' id='word_1_140' title='bbox 920 2111 955 2175; x_wconf 94' lang='lat' dir='ltr'><strong>in</strong></span> <span class='ocrx_word' id='word_1_141' title='bbox 972 2130 1095 2177; x_wconf 84' lang='lat' dir='ltr'><strong>aurora</strong></span> <span class='ocrx_word' id='word_1_142' title='bbox 1115 2110 1182 2178; x_wconf 91' lang='lat' dir='ltr'><strong>diei</strong></span> <span class='ocrx_word' id='word_1_143' title='bbox 1200 2133 1341 2200; x_wconf 62' lang='lat' dir='ltr'><strong>gra.</strong></span> 
     </span>
     <span class='ocr_line' id='line_1_19' title="bbox 240 2225 1324 2316; baseline 0.005 -23"><span class='ocrx_word' id='word_1_144' title='bbox 240 2226 334 2293; x_wconf 90' lang='lat' dir='ltr'><strong>diens</strong></span> <span class='ocrx_word' id='word_1_145' title='bbox 362 2232 438 2294; x_wconf 90' lang='lat' dir='ltr'><strong>tuos</strong></span> <span class='ocrx_word' id='word_1_146' title='bbox 462 2227 572 2293; x_wconf 90' lang='lat' dir='ltr'><strong>crines</strong></span> <span class='ocrx_word' id='word_1_147' title='bbox 595 2225 652 2316; x_wconf 80' lang='lat'>(2).</span> <span class='ocrx_word' id='word_1_148' title='bbox 685 2229 791 2295; x_wconf 89' lang='lat' dir='ltr'><strong>Beata</strong></span> <span class='ocrx_word' id='word_1_149' title='bbox 825 2228 973 2306; x_wconf 85' lang='lat' dir='ltr'><strong>Venere,</strong></span> <span class='ocrx_word' id='word_1_150' title='bbox 1008 2248 1083 2294; x_wconf 92' lang='lat' dir='ltr'><strong>cum</strong></span> <span class='ocrx_word' id='word_1_151' title='bbox 1113 2228 1324 2316; x_wconf 81' lang='lat' dir='ltr'><strong>audisset,</strong></span> 
     </span>
     <span class='ocr_line' id='line_1_20' title="bbox 240 2344 1315 2431; baseline 0.007 -21"><span class='ocrx_word' id='word_1_152' title='bbox 240 2345 376 2431; x_wconf 87' lang='lat' dir='ltr'><strong>expavit</strong></span> <span class='ocrx_word' id='word_1_153' title='bbox 396 2348 430 2411; x_wconf 89' lang='lat' dir='ltr'><strong>et</strong></span> <span class='ocrx_word' id='word_1_154' title='bbox 449 2345 520 2410; x_wconf 90' lang='lat' dir='ltr'><strong>ait:</strong></span> <span class='ocrx_word' id='word_1_155' title='bbox 545 2344 626 2419; x_wconf 87' lang='lat' dir='ltr'><strong>Quis</strong></span> <span class='ocrx_word' id='word_1_156' title='bbox 652 2365 688 2411; x_wconf 89' lang='lat' dir='ltr'><strong>es</strong></span> <span class='ocrx_word' id='word_1_157' title='bbox 714 2345 829 2430; x_wconf 93' lang='lat' dir='ltr'><strong>tuqui</strong></span> <span class='ocrx_word' id='word_1_158' title='bbox 854 2364 983 2410; x_wconf 91' lang='lat' dir='ltr'><strong>mecum</strong></span> <span class='ocrx_word' id='word_1_159' title='bbox 1011 2344 1159 2431; x_wconf 86' lang='lat' dir='ltr'><strong>loqueris</strong></span> <span class='ocrx_word' id='word_1_160' title='bbox 1183 2350 1217 2414; x_wconf 87' lang='lat' dir='ltr'><strong>et</strong></span> <span class='ocrx_word' id='word_1_161' title='bbox 1260 2355 1315 2417; x_wconf 82' lang='lat' dir='ltr'><strong>te</strong></span> 
     </span>
     <span class='ocr_line' id='line_1_21' title="bbox 189 2458 1371 2547; baseline 0.002 -23"><span class='ocrx_word' id='word_1_162' title='bbox 189 2472 306 2536; x_wconf 70' lang='lat' dir='ltr'><strong>conon</strong></span> <span class='ocrx_word' id='word_1_163' title='bbox 329 2458 448 2525; x_wconf 70' lang='lat' dir='ltr'><strong>video?</strong></span> <span class='ocrx_word' id='word_1_164' title='bbox 477 2460 536 2527; x_wconf 89' lang='lat' dir='ltr'><strong>Ait</strong></span> <span class='ocrx_word' id='word_1_165' title='bbox 566 2460 636 2526; x_wconf 93' lang='lat' dir='ltr'><strong>illi:</strong></span> <span class='ocrx_word' id='word_1_166' title='bbox 665 2460 736 2547; x_wconf 85' lang='lat' dir='ltr'><strong>Ego</strong></span> <span class='ocrx_word' id='word_1_167' title='bbox 758 2479 842 2538; x_wconf 91' lang='lat' dir='ltr'><strong>sum,</strong></span> <span class='ocrx_word' id='word_1_168' title='bbox 863 2459 1028 2547; x_wconf 84' lang='lat' dir='ltr'><strong>Raphael‚</strong></span> <span class='ocrx_word' id='word_1_169' title='bbox 1051 2462 1108 2546; x_wconf 92' lang='lat' dir='ltr'><strong>qui</strong></span> <span class='ocrx_word' id='word_1_170' title='bbox 1131 2460 1304 2528; x_wconf 84' lang='lat' dir='ltr'><strong>traditus</strong></span> <span class='ocrx_word' id='word_1_171' title='bbox 1368 2488 1371 2509; x_wconf 91' lang='lat'><strong>··</strong></span> 
     </span>
     <span class='ocr_line' id='line_1_22' title="bbox 240 2572 1295 2652; baseline -0.005 -12"><span class='ocrx_word' id='word_1_172' title='bbox 240 2595 313 2641; x_wconf 88' lang='lat' dir='ltr'><strong>sum</strong></span> <span class='ocrx_word' id='word_1_173' title='bbox 328 2574 391 2643; x_wconf 92' lang='lat' dir='ltr'><strong>tibi</strong></span> <span class='ocrx_word' id='word_1_174' title='bbox 417 2579 543 2652; x_wconf 86' lang='lat' dir='ltr'><strong>custos,</strong></span> <span class='ocrx_word' id='word_1_175' title='bbox 562 2579 600 2642; x_wconf 90' lang='lat' dir='ltr'><strong>ut</strong></span> <span class='ocrx_word' id='word_1_176' title='bbox 625 2573 811 2641; x_wconf 86' lang='lat' dir='ltr'><strong>custodiam</strong></span> <span class='ocrx_word' id='word_1_177' title='bbox 836 2578 871 2642; x_wconf 90' lang='lat' dir='ltr'><strong>te</strong></span> <span class='ocrx_word' id='word_1_178' title='bbox 897 2572 1051 2640; x_wconf 90' lang='lat' dir='ltr'><strong>omnibus</strong></span> <span class='ocrx_word' id='word_1_179' title='bbox 1073 2572 1189 2640; x_wconf 87' lang='lat' dir='ltr'><strong>diebus</strong></span> <span class='ocrx_word' id='word_1_180' title='bbox 1209 2573 1295 2640; x_wconf 80' lang='lat' dir='ltr'><strong>vite</strong></span> 
     </span>
     <span class='ocr_line' id='line_1_23' title="bbox 238 2687 1286 2768; baseline -0.01 -10"><span class='ocrx_word' id='word_1_181' title='bbox 238 2697 307 2759; x_wconf 85' lang='lat' dir='ltr'><strong>tue.</strong></span> <span class='ocrx_word' id='word_1_182' title='bbox 331 2691 374 2755; x_wconf 88' lang='lat' dir='ltr'><strong>Et</strong></span> <span class='ocrx_word' id='word_1_183' title='bbox 392 2710 465 2756; x_wconf 91' lang='lat' dir='ltr'><strong>cum</strong></span> <span class='ocrx_word' id='word_1_184' title='bbox 479 2690 540 2755; x_wconf 92' lang='lat' dir='ltr'><strong>hec</strong></span> <span class='ocrx_word' id='word_1_185' title='bbox 554 2691 693 2768; x_wconf 85' lang='lat' dir='ltr'><strong>diceret,</strong></span> <span class='ocrx_word' id='word_1_186' title='bbox 710 2689 835 2757; x_wconf 85' lang='lat' dir='ltr'><strong>factum</strong></span> <span class='ocrx_word' id='word_1_187' title='bbox 847 2693 900 2756; x_wconf 86' lang='lat' dir='ltr'><strong>est</strong></span> <span class='ocrx_word' id='word_1_188' title='bbox 912 2688 953 2755; x_wconf 92' lang='lat' dir='ltr'><strong>de</strong></span> <span class='ocrx_word' id='word_1_189' title='bbox 968 2688 1078 2756; x_wconf 88' lang='lat' dir='ltr'><strong>medio</strong></span> <span class='ocrx_word' id='word_1_190' title='bbox 1096 2688 1183 2756; x_wconf 84' lang='lat' dir='ltr'><strong>radii</strong></span> <span class='ocrx_word' id='word_1_191' title='bbox 1197 2687 1286 2755; x_wconf 83' lang='lat' dir='ltr'><strong>sotis</strong></span> 
     </span>
     <span class='ocr_line' id='line_1_24' title="bbox 239 2803 1278 2893; baseline 0 -24"><span class='ocrx_word' id='word_1_192' title='bbox 239 2805 334 2890; x_wconf 84' lang='lat' dir='ltr'><strong>quasi</strong></span> <span class='ocrx_word' id='word_1_193' title='bbox 349 2804 442 2872; x_wconf 87' lang='lat' dir='ltr'><strong>tufor</strong></span> <span class='ocrx_word' id='word_1_194' title='bbox 460 2807 549 2893; x_wconf 88' lang='lat' dir='ltr'><strong>ignis</strong></span> <span class='ocrx_word' id='word_1_195' title='bbox 570 2805 709 2872; x_wconf 88' lang='lat' dir='ltr'><strong>radians</strong></span> <span class='ocrx_word' id='word_1_196' title='bbox 729 2826 828 2893; x_wconf 91' lang='lat' dir='ltr'><strong>super</strong></span> <span class='ocrx_word' id='word_1_197' title='bbox 843 2803 949 2892; x_wconf 90' lang='lat' dir='ltr'><strong>capud</strong></span> <span class='ocrx_word' id='word_1_198' title='bbox 972 2805 1057 2893; x_wconf 82' lang='lat' dir='ltr'><strong>ejus,</strong></span> <span class='ocrx_word' id='word_1_199' title='bbox 1078 2807 1129 2874; x_wconf 87' lang='lat' dir='ltr'><strong>ita</strong></span> <span class='ocrx_word' id='word_1_200' title='bbox 1147 2810 1184 2873; x_wconf 87' lang='lat' dir='ltr'><strong>ut</strong></span> <span class='ocrx_word' id='word_1_201' title='bbox 1202 2806 1278 2872; x_wconf 80' lang='lat' dir='ltr'><strong>toea</strong></span> 
     </span>
     <span class='ocr_line' id='line_1_25' title="bbox 239 2921 1271 3009; baseline -0.002 -23"><span class='ocrx_word' id='word_1_202' title='bbox 239 2925 475 2989; x_wconf 82' lang='lat' dir='ltr'><strong>contremeret.</strong></span> <span class='ocrx_word' id='word_1_203' title='bbox 501 2922 595 2988; x_wconf 82' lang='lat' dir='ltr'><strong>Dixit</strong></span> <span class='ocrx_word' id='word_1_204' title='bbox 613 2926 725 2988; x_wconf 88' lang='lat' dir='ltr'><strong>autem</strong></span> <span class='ocrx_word' id='word_1_205' title='bbox 749 2921 848 2988; x_wconf 86' lang='lat' dir='ltr'><strong>beata</strong></span> <span class='ocrx_word' id='word_1_206' title='bbox 871 2922 1007 2987; x_wconf 83' lang='lat' dir='ltr'><strong>Venena</strong></span> <span class='ocrx_word' id='word_1_207' title='bbox 1032 2921 1075 2988; x_wconf 85' lang='lat' dir='ltr'><strong>ed</strong></span> <span class='ocrx_word' id='word_1_208' title='bbox 1096 2921 1240 3009; x_wconf 84' lang='lat' dir='ltr'><strong>angelum</strong></span> <span class='ocrx_word' id='word_1_209' title='bbox 1260 2928 1271 2974; x_wconf 69' lang='grc' dir='ltr'><em>τ</em></span> 
     </span>
     <span class='ocr_line' id='line_1_26' title="bbox 240 3036 1261 3124; baseline -0.003 -22"><span class='ocrx_word' id='word_1_210' title='bbox 240 3036 369 3102; x_wconf 85' lang='lat' dir='ltr'><strong>Recede</strong></span> <span class='ocrx_word' id='word_1_211' title='bbox 389 3057 408 3102; x_wconf 87' lang='lat' dir='ltr'><strong>a</strong></span> <span class='ocrx_word' id='word_1_212' title='bbox 427 3057 480 3102; x_wconf 90' lang='lat' dir='ltr'><strong>me</strong></span> <span class='ocrx_word' id='word_1_213' title='bbox 500 3037 671 3124; x_wconf 87' lang='lat' dir='ltr'><strong>paululum</strong></span> <span class='ocrx_word' id='word_1_214' title='bbox 693 3038 772 3124; x_wconf 90' lang='lat' dir='ltr'><strong>quia</strong></span> <span class='ocrx_word' id='word_1_215' title='bbox 794 3057 860 3102; x_wconf 92' lang='lat' dir='ltr'><strong>non</strong></span> <span class='ocrx_word' id='word_1_216' title='bbox 878 3057 1014 3124; x_wconf 92' lang='lat' dir='ltr'><strong>possum</strong></span> <span class='ocrx_word' id='word_1_217' title='bbox 1042 3037 1132 3124; x_wconf 91' lang='lat' dir='ltr'><strong>loqui</strong></span> <span class='ocrx_word' id='word_1_218' title='bbox 1154 3043 1261 3104; x_wconf 80' lang='lat' dir='ltr'><strong>tecum·</strong></span> 
     </span>
     <span class='ocr_line' id='line_1_27' title="bbox 240 3150 1259 3240; baseline -0.003 -22"><span class='ocrx_word' id='word_1_219' title='bbox 240 3152 300 3218; x_wconf 87' lang='lat' dir='ltr'><strong>Cui</strong></span> <span class='ocrx_word' id='word_1_220' title='bbox 332 3153 472 3240; x_wconf 85' lang='lat' dir='ltr'><strong>angelus</strong></span> <span class='ocrx_word' id='word_1_221' title='bbox 501 3154 580 3219; x_wconf 91' lang='lat' dir='ltr'><strong>ait:</strong></span> <span class='ocrx_word' id='word_1_222' title='bbox 623 3153 700 3219; x_wconf 91' lang='lat' dir='ltr'><strong>Noli</strong></span> <span class='ocrx_word' id='word_1_223' title='bbox 737 3154 874 3231; x_wconf 88' lang='lat' dir='ltr'><strong>timere,</strong></span> <span class='ocrx_word' id='word_1_224' title='bbox 915 3155 993 3240; x_wconf 86' lang='lat' dir='ltr'><strong>quia</strong></span> <span class='ocrx_word' id='word_1_225' title='bbox 1022 3154 1084 3220; x_wconf 89' lang='lat' dir='ltr'><strong>hec</strong></span> <span class='ocrx_word' id='word_1_226' title='bbox 1122 3150 1259 3240; x_wconf 81' lang='lat' dir='ltr'><strong>angustia</strong></span> 
     </span>
     <span class='ocr_line' id='line_1_28' title="bbox 239 3269 1254 3357; baseline -0.003 -24"><span class='ocrx_word' id='word_1_227' title='bbox 239 3289 397 3357; x_wconf 84' lang='lat' dir='ltr'><strong>magnum</strong></span> <span class='ocrx_word' id='word_1_228' title='bbox 416 3270 478 3336; x_wconf 85' lang='lat' dir='ltr'><strong>tibi</strong></span> <span class='ocrx_word' id='word_1_229' title='bbox 507 3270 664 3357; x_wconf 86' lang='lat' dir='ltr'><strong>gaudium</strong></span> <span class='ocrx_word' id='word_1_230' title='bbox 689 3272 768 3348; x_wconf 86' lang='lat' dir='ltr'><strong>erit,</strong></span> <span class='ocrx_word' id='word_1_231' title='bbox 795 3270 858 3337; x_wconf 93' lang='lat' dir='ltr'><strong>hoc</strong></span> <span class='ocrx_word' id='word_1_232' title='bbox 879 3276 932 3338; x_wconf 85' lang='lat' dir='ltr'><strong>est</strong></span> <span class='ocrx_word' id='word_1_233' title='bbox 964 3269 1111 3357; x_wconf 85' lang='lat' dir='ltr'><strong>Spiritus</strong></span> <span class='ocrx_word' id='word_1_234' title='bbox 1137 3271 1254 3336; x_wconf 83' lang='lat' dir='ltr'><strong>Sanctus</strong></span> 
     </span>
     <span class='ocr_line' id='line_1_29' title="bbox 240 3384 1253 3473; baseline -0.002 -24"><span class='ocrx_word' id='word_1_235' title='bbox 240 3386 343 3469; x_wconf 92' lang='lat' dir='ltr'><strong>quiin</strong></span> <span class='ocrx_word' id='word_1_236' title='bbox 362 3390 396 3451; x_wconf 89' lang='lat' dir='ltr'><strong>te</strong></span> <span class='ocrx_word' id='word_1_237' title='bbox 418 3386 622 3453; x_wconf 87' lang='lat' dir='ltr'><strong>dominatur.</strong></span> <span class='ocrx_word' id='word_1_238' title='bbox 645 3386 722 3452; x_wconf 91' lang='lat' dir='ltr'><strong>Noli</strong></span> <span class='ocrx_word' id='word_1_239' title='bbox 742 3387 884 3473; x_wconf 86' lang='lat' dir='ltr'><strong>emplius</strong></span> <span class='ocrx_word' id='word_1_240' title='bbox 905 3386 1034 3465; x_wconf 89' lang='lat' dir='ltr'><strong>sedere,</strong></span> <span class='ocrx_word' id='word_1_241' title='bbox 1061 3386 1118 3452; x_wconf 93' lang='lat' dir='ltr'><strong>sed</strong></span> <span class='ocrx_word' id='word_1_242' title='bbox 1136 3384 1213 3451; x_wconf 86' lang='lat' dir='ltr'><strong>vade</strong></span> <span class='ocrx_word' id='word_1_243' title='bbox 1231 3385 1253 3448; x_wconf 90' lang='lat' dir='ltr'><strong>in</strong></span> 
     </span>
     <span class='ocr_line' id='line_1_30' title="bbox 239 3501 1254 3589; baseline 0 -24"><span class='ocrx_word' id='word_1_244' title='bbox 239 3501 331 3566; x_wconf 86' lang='lat' dir='ltr'><strong>vicos</strong></span> <span class='ocrx_word' id='word_1_245' title='bbox 364 3506 398 3569; x_wconf 91' lang='lat' dir='ltr'><strong>et</strong></span> <span class='ocrx_word' id='word_1_246' title='bbox 429 3503 597 3581; x_wconf 86' lang='lat' dir='ltr'><strong>civitates,</strong></span> <span class='ocrx_word' id='word_1_247' title='bbox 628 3507 662 3569; x_wconf 92' lang='lat' dir='ltr'><strong>et</strong></span> <span class='ocrx_word' id='word_1_248' title='bbox 691 3502 827 3589; x_wconf 88' lang='lat' dir='ltr'><strong>predica</strong></span> <span class='ocrx_word' id='word_1_249' title='bbox 861 3522 980 3568; x_wconf 93' lang='lat' dir='ltr'><strong>nomen</strong></span> <span class='ocrx_word' id='word_1_250' title='bbox 1014 3501 1144 3568; x_wconf 89' lang='lat' dir='ltr'><strong>Domini</strong></span> <span class='ocrx_word' id='word_1_251' title='bbox 1171 3501 1254 3566; x_wconf 89' lang='lat' dir='ltr'><strong>Jhesu</strong></span> 
     </span>
    </p>
   </div>
   <div class='ocr_carea' id='block_1_5' title="bbox 268 3684 654 3842">
    <p class='ocr_par' dir='ltr' id='par_1_5' title="bbox 268 3684 654 3842">
     <span class='ocr_line' id='line_1_31' title="bbox 268 3684 654 3751; baseline 0.01 -16"><span class='ocrx_word' id='word_1_252' title='bbox 268 3684 303 3748; x_wconf 77' lang='lat' dir='ltr'><strong>(tt</strong></span> <span class='ocrx_word' id='word_1_253' title='bbox 320 3689 356 3735; x_wconf 82' lang='lat' dir='ltr'><strong>En</strong></span> <span class='ocrx_word' id='word_1_254' title='bbox 369 3701 469 3751; x_wconf 80' lang='lat' dir='ltr'><strong>merge:</strong></span> <span class='ocrx_word' id='word_1_255' title='bbox 483 3692 566 3738; x_wconf 81' lang='lat' dir='ltr'><strong>Lectio</strong></span> <span class='ocrx_word' id='word_1_256' title='bbox 580 3693 654 3739; x_wconf 71' lang='lat' dir='ltr'><strong>iiiia.</strong></span> 
     </span>
     <span class='ocr_line' id='line_1_32' title="bbox 274 3776 631 3842; baseline 0.011 -17"><span class='ocrx_word' id='word_1_257' title='bbox 274 3776 309 3842; x_wconf 74' lang='lat'><strong>(2)</strong></span> <span class='ocrx_word' id='word_1_258' title='bbox 326 3780 362 3828; x_wconf 83' lang='lat' dir='ltr'><strong>En</strong></span> <span class='ocrx_word' id='word_1_259' title='bbox 374 3793 473 3842; x_wconf 81' lang='lat' dir='ltr'><strong>merge:</strong></span> <span class='ocrx_word' id='word_1_260' title='bbox 491 3783 574 3830; x_wconf 83' lang='lat' dir='ltr'><strong>Lectio</strong></span> <span class='ocrx_word' id='word_1_261' title='bbox 588 3782 631 3829; x_wconf 81' lang='lat' dir='ltr'><strong>va,</strong></span> 
     </span>
    </p>
   </div>
   <div class='ocr_carea' id='block_1_6' title="bbox 0 0 1400 4792">
    <p class='ocr_par' dir='ltr' id='par_1_6' title="bbox 0 0 1400 4792">
     <span class='ocr_line' id='line_1_33' title="bbox 0 0 1400 4792; baseline 0 0"><span class='ocrx_word' id='word_1_262' title='bbox 0 0 1400 4792; x_wconf 95' lang='lat' dir='ltr'><strong> </strong></span> 
     </span>
    </p>
   </div>
  </div>
 </body>
</html>
