2790 4792
729 470 924 538 ..286-

295 618 502 704 moyennant
520 613 711 681 1'auct0rite
726 612 856 699 royalle
871 633 931 680 sur
944 632 982 679 ce
997 611 1217 698 intorpousee
1230 616 1264 677 et
1278 629 1330 696 par

295 731 531 798 l’ordennance
546 736 581 797 et
593 730 884 797 commendement
898 729 940 794 do
957 730 1213 815 messeigneurs
1228 726 1275 790 les
1289 745 1330 790 re·

295 848 434 935 ligieux,
449 847 532 914 abbe
545 852 579 913 et
593 851 736 913 convent
750 846 792 912 de
806 845 960 931 l'abbaye
973 844 1015 911 de
1028 841 1330 911 Saincte00lumbe

297 984 339 1031 ou
365 963 497 1030 diocese
525 963 566 1030 de
591 962 688 1042 Sens,
714 962 759 1029 du
785 982 883 1050 corps
911 962 1004 1028 saint
1030 960 1072 1027 de
1099 959 1330 1046 mouseigneur

297 1081 388 1148 saint
403 1082 487 1158 Lon,
505 1079 545 1146 de
560 1079 703 1166 laquelle
717 1099 738 1145 α
752 1080 825 1146 este
837 1079 902 1144 mis
911 1078 992 1145 hors
1004 1076 1088 1144 ledit
1102 1096 1203 1164 corps
1216 1076 1326 1155 sainct,

296 1217 381 1285 pour
393 1196 515 1284 icelluy
527 1216 643 1262 monor
654 1202 689 1263 et
699 1195 871 1282 conduyre
885 1214 947 1282 par
958 1194 1042 1261 ledit
1053 1193 1245 1280 royanlme‚
1257 1210 1330 1279 pour

296 1319 330 1381 et
349 1311 427 1381 affin
442 1333 505 1400 que
521 1312 580 1378 des
597 1312 769 1379 oblacions
786 1317 821 1380 et
835 1309 973 1379 offertos
992 1308 1114 1376 faictes
1130 1307 1230 1375 audit
1243 1325 1329 1392 corps

296 1430 387 1496 saint
401 1428 467 1495 l'en
485 1431 597 1515 puisse
616 1447 777 1516 repparer
790 1433 825 1496 et
840 1426 969 1494 ediffier
983 1428 1032 1493 les
1045 1426 1173 1513 eglises
1188 1425 1329 1491 maisons

297 1555 332 1616 et
355 1545 501 1614 ediffices
526 1546 619 1615 desd.
645 1546 769 1634 eglises
791 1546 946 1625 demone,
971 1565 1130 1632 ruyneux
1154 1549 1190 1612 et
1219 1545 1329 1612 abatnz

295 1684 379 1752 pour
398 1663 431 1731 la
451 1683 583 1751 guerre.
609 1663 778 1750 Lesquelx
803 1664 887 1730 nou‘s
905 1662 1087 1729 distentet
1109 1665 1329 1748 exponserent

296 1780 396 1867 qu'ilz
419 1784 575 1867 estoyent
596 1800 702 1845 venuz
722 1779 763 1845 do
780 1780 815 1846 la
834 1779 993 1846 Rochelle
1007 1799 1069 1864 par
1086 1798 1172 1858 mer,
1200 1782 1237 1845 et
1261 1778 1330 1844 des·

296 1897 403 1963 cendu
422 1895 487 1962 led.
505 1915 602 1982 corps
623 1897 714 1962 saint
728 1916 771 1963 au
784 1896 891 1962 harre
907 1895 966 1961 des
981 1894 1098 1961 Sables
1111 1894 1288 1977 d'Olonne‚
1302 1895 1330 1958 et

296 2012 456 2099 d'ileques
481 2012 641 2079 l'avoient
669 2014 878 2100 transporte,
915 2015 950 2078 et
977 2012 1109 2076 misen
1142 2009 1273 2098 l'eglise
1295 2007 1329 2072 de

296 2133 394 2199 Saint
413 2130 549 2197 Nicolas
570 2130 611 2196 de
635 2132 750 2209 Braiu,
782 2151 841 2196 sur
865 2131 897 2196 le
923 2134 1025 2217 grant
1050 2129 1176 2195 aultier
1194 2128 1327 2205 d‘icelle,

212 2222 216 2230 Ι
297 2249 417 2336 ouquel
440 2249 507 2314 lieu
527 2248 552 2312 il
570 2249 663 2316 auoit
686 2249 758 2315 este
780 2248 851 2334 pris
870 2245 1090 2314 furtivement
1111 2267 1176 2333 par
1196 2251 1282 2334 nuyt
1300 2249 1329 2310 et

297 2365 414 2449 emble,
444 2385 485 2430 en
509 2385 594 2430 nous
617 2365 732 2450 priant
754 2367 788 2430 et
809 2367 992 2448 requerant
1012 2383 1087 2449 que,
1107 2383 1195 2449 pour
1212 2362 1244 2428 le
1262 2361 1329 2427 bien

297 2482 337 2548 de
348 2482 483 2568 justice,
501 2502 586 2547 nous
605 2481 808 2547 voulissions
821 2453 1123 2566 transporter'esd.
1143 2478 1248 2558 lieux,
1270 2480 1329 2544 ott

296 2603 368 2664 tres
390 2604 492 2684 grant
520 2596 684 2683 diligeuce
709 2616 793 2662 nous
814 2594 978 2663 informer
998 2595 1038 2661 de
1059 2595 1092 2660 la
1105 2596 1328 2681 perpetratiou

298 2715 393 2782 dudit
407 2736 476 2794 cas,
495 2722 528 2783 et
541 2737 565 2805 y
580 2715 737 2802 pourvoir
751 2714 862 2780 scelon
878 2712 1061 2801 l'exigence
1075 2713 1246 2800 d’icelluy.
1264 2714 1330 2779 En-

295 2836 372 2918 pres
393 2832 570 2918 lesquelles
594 2833 702 2919 priore
725 2837 759 2898 et
778 2831 929 2917 requete,
950 2852 1034 2897 nous
1056 2851 1203 2898 summes
1224 2836 1330 2899 trans-

297 2955 410 3037 portez
433 2947 504 3015 esd.
527 2950 630 3026 lieux,
653 2953 687 3015 et
707 2968 768 3036 par
791 2947 1010 3015 information
1031 2946 1213 3014 deuement
1236 2946 1329 3016 faicte

298 3086 359 3152 ραν
385 3086 468 3131 nous
494 3069 528 3131 et
553 3065 602 3130 les
624 3064 812 3131 chastelain
840 3069 875 3131 et
901 3084 1084 3150 procureur
1110 3063 1151 3130 dc
1177 3065 1247 3131 lad.
1272 3063 1330 3130 sei·

298 3184 438 3268 gnourie
463 3181 504 3247 de
530 3180 717 3266 BrandoyS‚
746 3200 851 3247 avons
870 3183 989 3248 trouve
1008 3186 1106 3248 entre
1123 3187 1242 3249 autres
1260 3201 1329 3247 cou-

297 3298 393 3385 pable
417 3297 496 3363 dud.
526 3298 627 3363 crime
649 3301 682 3363 et
705 3297 787 3365 uelit
812 3317 856 3362 un
888 3299 1020 3363 nomme
1044 3297 1145 3362 Golas
1172 3299 1325 3378 Nobiron,

293 3416 453 3482 mosnier.
468 3415 592 3500 Lequel
616 3435 700 3480 nous
718 3434 823 3481 avons
842 3416 937 3502 prins
953 3419 988 3481 et
1005 3415 1069 3479 mis
1085 3417 1122 3481 es
1139 3417 1287 3502 prisons,
1301 3417 1329 3479 et

297 3533 420 3619 icelluy
440 3531 594 3597 examine
619 3537 653 3598 et
675 3532 848 3618 interroga
873 3551 931 3596 sur
949 3532 983 3596 la
1001 3534 1238 3618 perpetration
1258 3531 1326 3598 dud.

297 3668 365 3726 cas,
379 3649 434 3735 qui
445 3668 529 3713 nous
543 3646 724 3713 aconfesse
740 3647 835 3714 avoir
845 3649 940 3735 prins
954 3651 988 3713 et
998 3646 1105 3712 emble
1118 3645 1328 3716 furtivement

297 3767 331 3828 et
351 3781 412 3848 ραν
436 3766 520 3846 nuyt
547 3761 588 3827 de
606 3761 674 3829 lad.
698 3763 803 3849 eglise
821 3762 887 3829 led.
905 3783 1002 3851 corps
1029 3764 1132 3843 saint,
1156 3769 1191 3832 et
1216 3764 1328 3846 icelluy

298 3878 392 3944 avoir
410 3881 604 3965 transportet
619 3899 661 3944 en
675 3900 745 3967 ung
760 3878 886 3944 moulin
902 3883 1027 3958 trent,
1054 3878 1177 3965 duquel
1195 3882 1222 3945 il
1237 3879 1326 3946 estoit

298 3996 456 4075 mosnier,
479 3996 566 4064 sitne
581 4001 617 4063 et
633 3998 721 4063 assis
736 3998 859 4084 aupres
873 3995 915 4063 de
928 3995 996 4062 lad.
1012 3995 1092 4064 ville
1107 3995 1149 4062 de
1168 3998 1281 4076 Brain,
1297 3997 1324 4059 et

299 4111 519 4195 romanon,
545 4112 685 4192 descire,
709 4112 830 4181 troisse
844 4117 879 4181 et
895 4111 1055 4198 derompu
1069 4113 1105 4180 la
1117 4113 1238 4181 chasse
1253 4109 1320 4179 dud.
