2790 4792
571 502 615 518 ..
638 468 683 543 65
706 497 750 517 ...

141 609 237 673 rexit
252 607 429 673 ecclesiam
456 607 693 674 Senonensem.
721 608 830 693 Prope
856 610 988 692 portam
1019 609 1182 688 civitatis,

144 727 248 808 prout
276 723 430 809 superius
450 722 577 790 dictum
604 727 669 799 est,
696 718 851 788 fundavit
878 724 1120 790 monasterium
1149 725 1184 789 in

141 836 275 903 honore
310 840 503 904 sanctorum
530 841 718 921 martyrum
749 835 902 902 Gervasii
932 841 966 903 et
998 838 1183 916 Prothasii,

142 950 233 1038 quod
252 951 414 1019 moderno
428 956 579 1039 tempore
591 951 706 1017 Sancti
721 952 845 1017 Leonis
861 951 995 1018 dicitur.
1014 954 1054 1018 ln
1069 952 1184 1019 eodem

141 1066 351 1134 monasterio
371 1067 478 1134 turris
504 1064 657 1132 mirande
681 1064 873 1132 altitudinis
901 1071 976 1132 erat
1007 1086 1184 1152 perquem

142 1185 296 1268 tempore
310 1180 554 1269 persecutionis
563 1180 712 1246 Ecclesie
731 1181 855 1267 pagani
869 1181 905 1245 in
920 1180 1091 1247 civitatem
1112 1200 1186 1246 res-

142 1295 315 1380 piciebant
334 1301 367 1364 et
376 1296 567 1384 jactabant,
583 1296 641 1362 sed
660 1295 872 1382 postmodnm
887 1296 977 1361 cives
994 1295 1085 1361 illius
1104 1315 1185 1382 pace

143 1410 278 1479 reddita
293 1411 334 1479 ob
348 1432 485 1479 eausam
510 1411 696 1499 predictam
721 1411 844 1477 turrim
869 1411 1121 1478 destruxerunt.
1145 1411 1186 1475 In

141 1524 295 1612 predicto
323 1526 530 1595 monasterio
548 1526 667 1593 beatus
698 1525 875 1591 Ursicinus
903 1525 1084 1592 monachos
1111 1543 1188 1590 oon·

143 1643 301 1728 gregavit
315 1642 405 1709 inter
420 1661 504 1729 quos
520 1643 616 1727 quasi
638 1659 726 1706 unus
750 1659 793 1705 ex
818 1641 867 1706 eis
881 1639 1016 1707 vivebat
1036 1659 1103 1706 non
1127 1639 1187 1706 de·
1199 1657 1235 1722 10

144 1776 263 1822 serens
278 1755 489 1822 sermonibus
503 1760 538 1821 et
557 1754 719 1841 exemplis
732 1755 901 1821 instruere
924 1753 1108 1821 civitatem.
1124 1755 1188 1820 Hic

146 1888 223 1934 cum
239 1868 337 1936 beato
358 1868 500 1954 Hylario
516 1873 550 1934 et
567 1868 644 1935 aliis
671 1869 835 1954 episcopis
854 1888 966 1935 coram
985 1869 1187 1936 const-aneio

140 1965 348 2069 inperatore
369 1988 488 2049 contra
505 1983 671 2049 Arrianos
696 1983 867 2051 hereticos
893 1982 991 2051 affuit
1006 1985 1185 2052 veritatem

140 2097 320 2186 predicans
339 2103 374 2164 et
396 2096 584 2164 affirmans.
618 2098 702 2164 Post
724 2098 786 2164 hec
805 2118 885 2165 vero
909 2100 945 2164 in
964 2118 1045 2186 pace
1069 2098 1185 2164 multis

139 2214 253 2281 clarus
282 2212 466 2281 virtutibus
502 2215 677 2299 requievit.
709 2213 865 2301 Sepultus
892 2213 957 2281 fuit
982 2215 1018 2278 in
1043 2213 1185 2280 ecclesia
1245 2259 1253 2273 .

140 2348 242 2414 quam
277 2347 381 2416 prope
407 2333 540 2415 portam
572 2332 829 2396 consecraverat
868 2329 1030 2397 civitatis.
1060 2329 1184 2394 Postea

139 2461 261 2528 corpus
281 2442 387 2528 ipsius
404 2442 611 2509 translatum
639 2442 705 2510 fuit
729 2443 765 2508 in
799 2443 1040 2510 monasterium
1067 2442 1181 2510 Sancti

140 2557 236 2625 Petri
248 2556 328 2626 Vivi
342 2577 417 2623 cnm
444 2560 562 2623 sancto
591 2558 704 2623 Leone
732 2555 894 2643 predicto.
922 2557 1070 2622 Domnus
1091 2555 1183 2621 Gau-

141 2671 252 2737 fridus
283 2671 387 2739 abbas
416 2671 495 2738 huic
522 2690 660 2758 capsam
691 2674 887 2759 argenteam
919 2669 1001 2738 fecit
1026 2668 1197 2739 similiter

139 2785 313 2855 fabricari.
1190 2793 1230 2857 20
1299 2796 1309 2813 ·

139 3033 186 3082 nn
217 3016 369 3084 conrons
391 3033 512 3084 ssuorr
534 3033 663 3083 aaaron
694 3033 896 3082 snrvorvrrvs1s
927 3033 1181 3083 tnonrnrrsoorr

182 3237 309 3303 Beatus
328 3236 499 3324 Agrioius,
518 3237 721 3304 Senonensis
743 3237 1029 3323 archiepiscopus,
1050 3236 1180 3303 Christi

139 3348 323 3435 confessor,
354 3351 409 3417 vir
436 3350 683 3438 preclarissime
715 3340 909 3418 sanctitatis
932 3351 1048 3419 multis
1067 3352 1179 3417 virtu-

136 3465 231 3532 tibus
255 3466 402 3544 claruit;
435 3467 492 3551 qni
524 3466 685 3552 migravit
713 3466 865 3532 aseculo
887 3465 975 3552 ydus
997 3467 1102 3554 junii,
1130 3486 1178 3530 se·

136 3567 253 3669 pultus
273 3581 309 3646 in
323 3580 465 3646 ecclesia
479 3580 592 3648 Sancti
609 3583 732 3648 Leonis
752 3600 854 3669 prope
866 3586 998 3669 portam
1015 3582 1175 3660 civitatis,

79 3736 82 3741 ·
137 3702 174 3765 et
196 3700 315 3783 postea
340 3717 401 3784 per
430 3696 588 3763 domnum
617 3697 819 3786 Ansegisum
848 3717 922 3764 cum
946 3696 1074 3764 duobus
1100 3696 1177 3762 aliis

136 3803 267 3880 sanctis
292 3811 500 3900 supradictis
526 3812 561 3878 in
592 3815 834 3897 monasterium
852 3813 969 3880 Sancti
987 3813 1081 3879 Petri
1098 3812 1177 3880 Vivi

135 3948 260 4015 corpus
284 3926 489 4015 ipsiusfuit
520 3927 668 3998 delatum
696 3935 730 3997 et
753 3929 799 3996 ibi
827 3926 1010 3995 honorifice
1038 3947 1176 3995 conser-

131 4047 248 4112 vatur.

976 4161 998 4228 5
