2782 4786
638 399 838 465 -178-

263 545 316 609 11.
333 578 376 590 -
391 542 442 608 III
457 539 524 605 Yd.
541 577 584 588 -
598 540 752 608 Bernaba
769 527 947 628 appostoli.
965 539 1129 610 Obierunt
1146 541 1261 608 Theo-

216 656 335 725 baldus
350 661 384 722 et
401 655 517 748 Rosia,
531 674 618 720 uxor
629 655 712 742 ejus,
730 675 790 742 pro
806 655 926 742 quibus
944 662 1140 737 conventus,
1157 676 1259 744 super

213 774 340 837 temam
349 770 451 856 juxta
469 767 608 835 bordam
625 768 774 837 defuncti
793 769 913 849 Anbri,
931 791 954 837 v
974 791 1002 835 s.
1028 775 1096 877 tor.

243 894 326 941 Liberi
335 893 457 950 Stephani
473 894 534 940 dicti
551 894 680 941 Comatae
696 894 994 954 Malene-Sanctil’etri,
1010 894 1106 941 scilieet
1120 894 1214 940 Patrue
1234 897 1259 938 et

213 984 339 1030 Philiteus
350 982 377 1027 xl
387 983 413 1027 d.
425 986 444 1027 t.
460 1005 492 1016 -
505 983 604 1041 Petrus,
616 983 685 1039 nllus
694 983 818 1040 Stephani
829 983 909 1042 Bessi,
925 986 1000 1029 tenet.

244 1072 360 1130 Philisto,
379 1072 466 1118 relicta
481 1071 659 1116 Gale-Aooa'ne
675 1074 747 1117 aexd.
760 1076 780 1121 t.
796 1068 842 1133 (l).

260 1172 312 1236 12.
328 1188 368 1218 -ὲ
386 1170 419 1234 II
437 1167 503 1234 Yd.
519 1205 563 1218 —
578 1167 671 1237 Obiit
684 1169 858 1235 Iohannes
871 1169 912 1235 de
932 1169 1102 1248 Oreoiaoo,
1115 1187 1178 1254 pro
1189 1189 1255 1255 quo

214 1285 316 1352 habet
331 1288 515 1351 conventus
529 1282 617 1369 apud
634 1282 1068 1369 Malleyum-Vieeoomitis‚
1085 1304 1186 1372 snper
1199 1283 1256 1349 do·

215 1420 305 1465 mum
332 1405 366 1466 et
389 1404 500 1466 ortum
514 1396 790 1484 defunotinPetri,
813 1397 946 1477 aloarii,
965 1401 1002 1465 ix
1016 1420 1044 1466 s.
1061 1404 1141 1481 ton,
1160 1400 1196 1465 vi
1219 1398 1252 1463 d.

215 1516 411 1580 elemosina.

244 1628 310 1676 lslud
339 1626 537 1674 anniversarium
562 1630 717 1687 computatur
733 1626 761 1673 in
779 1627 906 1685 Ianuario,
921 1628 981 1687 quia
1005 1627 1045 1675 die
1061 1628 1186 1676 dominica
1201 1633 1255 1688 post

213 1717 378 1787 Epiphaniam
391 1717 521 1778 dabantur,
531 1729 606 1776 super
619 1717 721 1766 domum
735 1720 759 1762 et
772 1714 864 1774 ortum,
876 1717 928 1765 xxii
941 1730 960 1764 s.
976 1723 992 1765 t.
1008 1731 1052 1778 pro
1068 1718 1115 1767 Isto
1129 1719 1254 1766 anniver-

213 1807 279 1854 sario
289 1810 313 1854 el
322 1806 471 1866 quibusdam
482 1805 550 1858 aliia

260 1896 313 1961 13.
327 1933 371 1943 —
382 1894 524 1961 Ydibus.
543 1932 586 1942 -
598 1894 690 1963 Obiit
702 1894 848 1975 salomo,
863 1882 1017 1975 clericus,
1040 1917 1100 1983 pro
1113 1917 1177 1983 quo
1190 1897 1256 1964 ha·

213 2009 270 2076 bet
293 2014 489 2088 conventus,
513 2030 613 2096 super
629 2009 763 2076 domum
785 2010 993 2077 sitamante·
1010 2013 1255 2079 monasterium

214 2129 367 2190 nostrum
383 2145 445 2210 que
459 2122 523 2190 luit
539 2124 656 2191 Felisii
672 2124 754 2192 dieti
767 2125 798 2190 le
808 2126 906 2203 Noir,
920 2131 958 2192 ut
971 2126 1007 2191 in
1019 2127 1146 2194 litteris
1161 2129 1255 2193 ouria

204 2240 417 2305 senonensis
432 2240 637 2317 continetur,
655 2240 715 2305 viii
729 2260 757 2305 s.
774 2243 816 2317 t.‚
834 2239 882 2304 xii
895 2239 928 2306 d.
943 2241 1138 2320 elemosina,
1156 2243 1206 2308 xii
1219 2243 1252 2309 d.

214 2357 404 2443 pulsatores
421 2357 456 2420 in
469 2355 556 2422 festo
576 2356 1040 2444 Sancti-Iohannis·Baptiste
1054 2359 1254 2445 persolven-

216 2471 288 2538 dos,

246 2588 393 2634 Guillolmus
405 2593 428 2634 et
442 2587 570 2644 Galnarus,
582 2586 678 2646 iratres,
696 2587 726 2634 da
739 2587 840 2638 Sooiaoo
852 2589 911 2636 dieti
926 2589 1037 2648 Bergion,
1053 2601 1156 2648 generes
1169 2590 1255 2637 Felisii

215 2677 273 2724 dicti
289 2678 386 2725 leNoir.

246 2769 356 2813 Iacobus
368 2770 469 2824 neupro
484 2770 501 2813 li
512 2769 634 2824 Autome.

245 2857 350 2914 Jacquet
359 2858 380 2901 le
390 2857 538 2902 Bouteillier
553 2861 630 2902 tenet.

261 2955 313 3018 14.
330 2990 373 3000 —
386 2953 505 3018 XVIII
521 2953 693 3020 Kalendas
707 2954 800 3020 Iulii.
815 2952 960 3020 -Obiit
978 2953 1173 3037 (lanfridus,
1197 2976 1257 3020 sa-

214 3067 331 3134 cerdos
344 3067 609 3152 Sancti-Hylarii
622 3068 664 3134 de
675 3068 888 3146 Andrisiaco,
905 3088 966 3159 pne
979 3088 1043 3154 quo
1063 3068 1166 3136 habet
1179 3089 1258 3135 eon·

212 3191 346 3262 ventus,
362 3187 605 3286 supenpnatum
622 3183 665 3248 ad
682 3188 818 3269 pontem
833 3183 874 3249 de
890 3183 1121 3251 Chantemelle
1132 3203 1257 3250 versus

216 3299 466 3376 Andrisiaoum,
482 3321 502 3365 v
516 3319 543 3363 s.
565 3319 638 3385 par.

246 3414 313 3460 Istud
325 3413 525 3461 anniversarium
542 3417 696 3474 computetur
707 3413 756 3471 hic,
768 3419 791 3460 et
807 3413 871 3461 illud
887 3414 958 3461 debet
975 3413 1042 3472 prior
1059 3413 1089 3461 de
1100 3414 1257 3474 AndrIsiaco,

214 3515 259 3550 noo
273 3486 427 3562 computatur
443 3502 526 3564 deille
536 3515 634 3549 summa
644 3515 720 3562 quam
733 3502 804 3549 debat
819 3515 876 3550 oum
887 3503 945 3550 aliis
957 3503 1093 3563 prioribus.

265 3593 317 3658 15.
332 3629 376 3638 -
390 3591 490 3657 XVII
504 3592 583 3656 Kal.
601 3629 644 3638 -
663 3591 721 3656 Ob.

261 3707 311 3771 16.
330 3744 373 3753 -
389 3707 472 3772 XVI
486 3707 564 3772 Kal.
578 3745 621 3754 -
633 3706 693 3771 Ob.

247 3925 281 3988 (l)
298 3930 334 3975 En
346 3929 391 3974 tete
406 3928 435 3974 de
451 3940 491 3974 oes
509 3942 580 3975 noms
593 3930 611 3975 il
626 3930 677 3975 faut
696 3927 779 3985 placer
796 3940 858 3974 ceux
875 3929 910 3975 du
924 3940 962 3974 ms
977 3931 1005 3975 56
1021 3949 1025 3975 :
1044 3931 1185 3990 Stephanus
1204 3933 1255 3981 Go-

216 4021 265 4062 met
276 4017 306 4063 de
323 4017 414 4074 llalaet¹
428 4017 451 4063 xl
468 4018 494 4066 d.
510 4022 526 4064 1.
535 4043 565 4053 -
577 4019 680 4075 lacones
694 4014 883 4076 Gale-Avoyna
898 4030 930 4063 xx
945 4018 969 4064 d.
982 4022 998 4066 t.
