2790 4792
656 406 855 472 -110-

228 554 329 623 runt;
360 556 395 612 et
416 556 665 632 supposuerunt
700 552 810 635 ignem
834 568 1004 634 magnum.
1027 549 1124 612 Tunc
1151 554 1271 612 sancta

227 662 324 747 virgo
344 662 510 747 psallebat
529 669 562 729 et
578 663 758 750 gaudebat,
779 663 865 748 qnod
883 663 1023 748 angelus
1043 663 1177 728 Domini
1196 668 1271 726 erat

226 797 300 840 cum
321 797 374 854 ea,
392 781 473 844 etin
490 781 563 864 ipso
575 781 708 846 fervore
729 801 796 844 non
811 784 863 845 est
877 786 1023 844 estuata.

269 901 304 973 ἢ.
322 895 465 979 Propter
479 898 670 962 veritatem.

269 1010 378 1073 Lectio
397 1020 501 1075 serto.
530 1011 678 1097 Cumque
701 1011 876 1096 complecti
905 1014 1020 1076 essent
1043 1015 1172 1096 septem
1197 1010 1267 1074 dies

225 1124 296 1201 alii,
308 1126 414 1212 jussit
434 1147 495 1192 rex
512 1130 644 1213 aperire
657 1127 827 1210 cacabum,
844 1125 900 1190 ubi
914 1131 990 1192 erat
1005 1131 1137 1201 sancta,
1161 1130 1201 1192 ut
1215 1127 1266 1190 vi-

225 1240 321 1308 deret
340 1242 418 1327 quid
440 1242 564 1310 lactum
581 1253 672 1310 esset
685 1244 727 1308 de
740 1263 792 1309 ea.
809 1243 959 1309 Ministri
971 1261 1052 1307 vero
1070 1262 1131 1327 pre
1144 1242 1265 1308 timore

226 1356 388 1426 ferventis
403 1358 517 1425 cacabi
533 1379 599 1424 non
614 1358 774 1425 valebant
788 1358 920 1443 aperire
938 1377 1027 1422 eum.
1045 1356 1193 1423 Exiebat
1212 1376 1267 1421 au·

224 1480 292 1541 tem
308 1495 410 1540 sonus
422 1475 464 1540 de
476 1475 598 1542 cacabo
613 1479 710 1563 quasi
728 1476 913 1546 tonitrbnd.
930 1479 1013 1545 Cum
1029 1479 1133 1565 platis
1153 1484 1264 1545 autem

179 1589 347 1657 lbferreis
366 1599 571 1678 aperuerunt
598 1594 769 1671 cacabum,
795 1600 831 1663 et
853 1595 1011 1662 viderunt
1032 1596 1202 1682 virginem
1232 1597 1265 1660 in

224 1706 347 1772 cacabo
366 1706 549 1774 sedentem.
567 1709 732 1796 Fulgebat
751 1716 865 1778 autem
880 1710 985 1776 facies
1007 1710 1081 1797 ejus
1101 1712 1192 1807 sicut
1209 1730 1265 1776 ra·

224 1821 300 1888 dius
322 1825 417 1901 solis,
441 1830 475 1891 et
494 1825 633 1893 tenebat
656 1831 736 1893 ante
761 1848 797 1892 se
818 1827 946 1892 discum
967 1847 1105 1892 aureum
1131 1828 1264 1913 plenum

223 1940 370 2008 melleet
385 1961 510 2007 manna
521 1947 556 2008 et
566 1943 657 2020 vino,
674 1963 771 2028 quem
783 1943 952 2010 detulerat
964 1943 1105 2028 angelus
1119 1942 1162 2009 ad
1177 1963 1262 2020 eam,

224 2061 261 2121 ut
277 2056 477 2123 comederet.
500 2059 593 2123 Tunc
616 2079 677 2124 rex
694 2058 781 2125 dixit
800 2059 990 2124 ministris:
1018 2059 1096 2124 Non
1116 2057 1231 2124 benef
1247 2094 1265 2106 -

225 2172 319 2238 cistis
339 2173 495 2239 cacabum
518 2172 662 2240 fervere.
676 2173 801 2240 Sancta
814 2173 949 2240 deintus
970 2174 1167 2260 respondit:
1195 2177 1266 2260 Ap-

222 2290 444 2376 propinquate
465 2291 531 2356 huc
554 2295 589 2357 et
612 2289 737 2358 ridete.
762 2291 806 2357 Et
824 2291 967 2357 intinxit
986 2311 1106 2356 manus
1128 2312 1208 2357 snas
1231 2294 1265 2357 in

223 2426 311 2491 aqua
323 2405 432 2472 calida
449 2412 484 2473 et
505 2406 603 2473 dixit.
627 2407 800 2493 Accipitea
819 2426 919 2493 qnam
943 2406 1170 2485 maledictam,
1189 2409 1266 2494 quia

222 2520 399 2588 benedicta
420 2542 507 2608 aqua
533 2542 600 2588 non
620 2523 717 2590 decet
737 2523 845 2590 vobis.
868 2524 912 2590 Et
936 2524 1061 2609 sparsit
1084 2543 1186 2609 super
1209 2542 1266 2588 eos

223 2657 344 2723 aquam
357 2638 512 2724 calidam,
530 2644 565 2706 et
579 2639 699 2705 cecidit
715 2659 816 2725 super
831 2639 964 2706 occulos
977 2658 1092 2705 eorum
1112 2643 1148 2705 et
1166 2659 1266 2726 super

174 2754 357 2820 tdooculos
379 2755 482 2841 regis,
505 2761 540 2822 et
567 2754 716 2822 obcecati
737 2760 817 2822 sunt
840 2775 956 2821 omnes
980 2756 1035 2841 qui
1060 2756 1095 2820 in
1122 2757 1265 2823 circuitu

223 2874 333 2936 erant.
357 2870 451 2934 Tunc
465 2889 527 2934 rex
544 2869 666 2936 cadens
681 2871 715 2936 in
730 2877 826 2938 terra
838 2870 926 2938 dixit
941 2892 948 2935 :
966 2871 1061 2957 Rogo
1078 2879 1126 2949 te,
1145 2876 1264 2937 sancta

222 2985 359 3052 lucerna
377 2987 546 3066 veritatis
567 3008 610 3052 ne
630 2988 860 3052 rememineris
885 2988 1102 3074 iniquitatum
1117 3008 1182 3073 que
1202 2987 1264 3054 tibi

222 3099 298 3179 feci,
319 3100 376 3167 sed
398 3121 498 3188 parce
513 3103 597 3167 mihi
618 3107 653 3168 et
668 3122 788 3167 revoca
814 3102 920 3167 mein
940 3101 1052 3167 lumen
1066 3103 1261 3187 pristinum,

221 3224 256 3283 et
276 3218 471 3284 commenda
501 3239 554 3284 me
582 3238 655 3284 esse
683 3217 907 3284 christianum
936 3222 971 3283 et
995 3220 1105 3283 totum
1121 3236 1261 3304 regnum

220 3352 341 3398 meum.
358 3335 450 3398 Tunc
461 3335 558 3420 virgo
570 3335 677 3401 letata
691 3331 886 3419 respondit:
905 3331 1022 3399 Credis
1035 3334 1069 3398 in
1083 3334 1188 3398 Deum
1201 3354 1262 3420 pa-

220 3453 306 3514 trem
326 3450 615 3536 omnipotentem?
631 3453 724 3516 Tunc
746 3470 808 3515 rex
833 3451 902 3516 ait:
932 3450 1056 3516 Nescio
1077 3452 1131 3515 cui
1158 3450 1260 3516 debeo

220 3565 363 3631 credere.
380 3568 472 3632 Tunc
486 3573 614 3650 sancta,
633 3565 753 3634 fletens
770 3586 880 3654 genua
897 3587 957 3632 sua
970 3568 1004 3630 in
1017 3571 1122 3644 terra,
1140 3567 1259 3633 orabat

219 3702 293 3747 cum
309 3683 458 3747 lacrimis
475 3682 516 3747 ad
541 3685 730 3761 Dominum,
753 3683 802 3749 ita
824 3688 861 3749 ut
872 3687 966 3750 terra
978 3683 1193 3769 irrigaretur.
1217 3684 1258 3749 Et

219 3818 293 3862 cum
313 3797 561 3885 ereptafuisset
579 3799 620 3865 ab
641 3800 807 3878 oratione,
828 3800 955 3885 accepit
978 3800 1084 3866 lutum
1108 3798 1197 3883 quod
1217 3797 1257 3862 de

171 3921 209 3987 30
218 3913 367 3979 lacrimis
379 3919 413 3982 et
427 3921 521 3982 terra
535 3914 674 3994 fecerat,
691 3921 726 3983 et
741 3935 867 4003 ponens
885 3935 984 4001 super
996 3914 1128 3980 occulos
1141 3934 1255 3980 eorum

219 4030 333 4097 dixit:
361 4030 436 4116 Ipse
461 4051 521 4097 vos
540 4031 719 4110 illuminet,
745 4032 802 4117 qui
821 4051 897 4097 ceco
924 4037 1005 4098 nato
1031 4029 1163 4096 occulos
1181 4051 1256 4116 ape·
