2790 4792
557 400 757 466 -278-

136 537 285 605 hostium
315 540 418 606 etiam
463 548 673 609 armatorum
706 545 840 614 infinita
875 549 1111 632 multitudine,
1144 571 1179 616 ac

136 675 336 742 guerrarum
360 659 524 744 voragine
545 660 749 746 inpartibus
768 666 900 730 nostris
920 688 984 753 per
999 667 1109 735 multa
1124 689 1181 734 au-

136 793 256 841 norum
292 774 461 840 curricula
495 774 717 853 serventibus,
747 778 890 865 aliisque
927 784 1180 871 quamplurimis

136 891 449 979 supervenientibus
464 891 620 978 dampnis
632 897 667 959 et
684 895 920 974 incommodis,
939 898 1179 986 hucusquere·

136 1013 335 1074 manserunt
353 1015 389 1074 et
410 1015 588 1075 remanent
607 1008 774 1086 desolata,
792 1013 967 1080 veteribus
990 1018 1102 1082 ruinis
1124 1016 1179 1082 de·

136 1126 306 1203 formatis,
329 1145 390 1191 nec
410 1125 453 1191 ad
472 1144 589 1193 eorum
609 1130 901 1196 restauracionem
928 1139 965 1200 et
990 1137 1180 1222 reparaeio·

136 1264 213 1310 nem
238 1248 422 1331 suppetunt
453 1241 645 1326 facultates,
685 1246 751 1310 nisi
781 1246 847 1332 piis
879 1247 1013 1317 Christi
1037 1251 1179 1318 fidelium

136 1361 331 1428 elemosinis
349 1359 578 1426 subleventur.
600 1360 647 1428 t't
660 1362 766 1449 igitur
781 1362 824 1428 ad
839 1364 1134 1436 reedificacionem
1149 1373 1180 1436 et

137 1475 445 1543 substentaeionem
464 1475 656 1542 eorumdem
679 1483 875 1545 nostrorum
896 1486 1179 1550 monasteriorum

135 1592 253 1660 fideles
266 1593 426 1660 catholici
434 1592 476 1659 ad
493 1594 552 1659 Dei
570 1595 680 1660 nostri
698 1595 868 1674 timorem,
886 1598 1178 1688 predictorumque

136 1716 332 1778 sanctorum
348 1709 510 1777 honorem
530 1716 565 1778 et
580 1711 726 1789 laudem,
745 1732 786 1778 ac
801 1712 880 1779 fidei
904 1720 1025 1783 nostre
1043 1718 1182 1786 instruc·

134 1830 263 1896 tionem
292 1828 446 1895 devotius
469 1830 671 1912 excitentur,
692 1834 809 1895 notum
828 1830 972 1897 facimus
994 1834 1086 1919 quod
1109 1856 1177 1914 nos,

136 1947 272 2012 nomine
301 1946 410 2012 nostri
435 1950 471 2011 et
493 1943 660 2011 dictorum
681 1951 875 2012 nostrorum
896 1952 1179 2018 monasteriorum

137 2061 342 2140 nominibuS,
375 2062 516 2130 dilectos
543 2068 578 2128 et
607 2061 723 2127 fideles
760 2063 939 2151 religiosos
968 2074 1109 2135 nostros
1141 2047 1181 2134 'ao

136 2179 354 2269 presbiteros,
372 2179 497 2245 fratres
519 2178 726 2266 Stephanum
744 2179 775 2244 le
787 2179 947 2258 Corrain,
969 2183 1179 2262 celerarium,

138 2297 345 2384 Stephanum
365 2295 552 2382 Daphiaue‚
571 2299 831 2373 tresaurarium,
844 2299 1037 2365 Johannem
1061 2302 1179 2368 Bulton

137 2416 178 2481 de
193 2414 385 2491 Sarmesiis,
404 2412 588 2479 Robertum
609 2414 735 2480 Drouet
747 2413 788 2478 de
806 2413 957 2493 Gronno,
979 2415 1179 2482 Guillemum

138 2531 170 2598 le
186 2530 345 2607 Corvain,
367 2529 556 2595 Johannem
577 2531 698 2606 Bossu,
725 2528 911 2595 Gnidonem
940 2532 1083 2610 Drouet‚
1107 2533 1179 2599 the-

138 2649 341 2728 saurarium,
356 2649 382 2712 T
385 2645 584 2712 heobaldnm
600 2646 645 2711 du
662 2649 752 2731 Boys
767 2648 987 2732 prepositum,
1011 2649 1178 2715 Andream

138 2766 299 2841 Guillate,
326 2763 562 2839 infirmarium,
585 2763 792 2829 Ludoricum
817 2765 969 2850 Dorigny
991 2765 1033 2831 de
1054 2769 1176 2845 Dicmo,

138 2879 353 2946 Guillelmum
377 2880 543 2965 Chignart
559 2879 599 2945 de
616 2880 783 2954 Predone,
808 2881 984 2946 Matheum
1004 2883 1129 2951 Guiart
1141 2885 1177 2949 de

138 2996 351 3077 Andrisiaco,
364 2995 564 3060 Balduinum
577 2996 734 3074 Garnier,
746 3003 932 3074 cantorem,
943 3006 1177 3085 procuratores

141 3121 175 3182 et
199 3112 378 3179 officiarios
407 3112 573 3178 dictorum
608 3119 800 3179 nostrorum
828 3117 1111 3181 monasteriorum
1142 3138 1177 3182 ac

141 3229 365 3296 membrorum
381 3228 422 3294 ab
440 3230 489 3294 eis
508 3229 802 3314 deppendentinm,
820 3251 949 3296 necnon
963 3231 1126 3300 honestos
1147 3248 1177 3298 et

142 3347 422 3423 discretossiros‚
439 3346 627 3410 Johannem
644 3347 852 3423 Doisemont,
868 3347 1039 3412 lametum
1059 3348 1103 3413 du
1124 3351 1177 3414 Bi-

139 3485 242 3551 gnon,
260 3465 399 3530 Petrum
415 3464 587 3547 blaquart,
608 3464 798 3528 Johannem
820 3464 946 3528 Robert
969 3469 1004 3528 et
1021 3465 1177 3530 Jacobum

139 3582 254 3668 Ligez,
278 3581 431 3653 clericos,
458 3579 584 3644 latores
606 3585 640 3644 et
659 3577 867 3644 exhibitores
894 3581 1117 3663 presentium,
1140 3580 1176 3643 de

140 3719 280 3784 quorum
298 3696 478 3773 industria,
494 3695 678 3782 prudencia
695 3700 729 3760 et
748 3693 838 3758 fideli
857 3694 1028 3780 probitate
1048 3697 1176 3781 plenam

141 3817 289 3901 gerimus
302 3813 471 3887 fiduciam,
493 3819 628 3879 nostros
644 3817 679 3878 et
704 3811 870 3876 dictorum
893 3818 1086 3877 nostrorum
1108 3834 1175 3878 mo·

140 3932 366 3998 nasteriorum
385 3931 585 4007 creavimus
605 3929 754 4005 fecimus,
774 3930 1024 4007 constituimus
1042 3930 1176 3995 ordina-

143 4049 252 4122 vimus
273 4068 313 4117 ac
328 4068 388 4146 per
403 4051 578 4137 presentes
590 4067 756 4128 creamus,
772 4044 925 4123 facimus,
943 4047 1176 4125 constituimus
