2790 4792
606 416 804 484 -264..

185 563 354 652 obsequiis
380 563 517 643 divinis,
540 561 665 630 debitis
688 561 860 629 ordinarie
884 562 1037 649 hymnis,
1055 567 1092 632 et
1121 565 1227 652 legere

185 681 421 747 consuevimus
437 699 511 745 curn
538 677 832 765 predecessoribus
852 681 980 746 nostris
1006 679 1051 745 ab
1076 682 1225 768 antiquo,

184 781 339 862 etesium
353 815 413 882 per
426 795 511 861 alios
522 799 658 861 nostros
669 797 828 882 antiquos
842 799 876 863 et
890 795 1098 883 approbatos
1112 798 1222 873 libros,

187 931 270 998 quos
285 912 397 977 nostri
423 910 679 997 predecessores
699 917 734 978 et
754 913 821 977 riri
839 913 1068 999 expertissimi
1086 916 1226 1002 scripse-

184 1032 280 1105 runt,
292 1027 327 1091 in
338 1026 428 1093 dicto
439 1031 557 1094 nostro
570 1026 709 1093 cenobio
722 1026 984 1115 diligentissime
995 1033 1222 1096 conservatos.

227 1142 402 1220 Preterea‚
425 1141 567 1209 indicto
587 1147 706 1211 nostro
720 1143 873 1224 cenobio,
895 1147 947 1211 est
968 1144 1113 1230 quedam
1128 1147 1225 1215 insti·

181 1259 272 1325 tucio
308 1278 368 1323 seu
406 1257 580 1326 ordinacio
607 1259 770 1327 salutaris
804 1259 839 1326 in
875 1260 1004 1327 honore
1032 1265 1224 1329 sanctornm

182 1375 363 1440 martirum
382 1374 580 1441 Potenciani
611 1380 647 1441 ct
661 1374 783 1454 Altini,
810 1377 978 1442 sociorum
1002 1378 1117 1445 sancti
1132 1378 1226 1444 Savi-

181 1491 288 1567 niani,
304 1488 488 1556 salubriter
507 1494 543 1556 et
555 1489 676 1558 devote
690 1490 898 1558 introducta.
920 1492 1068 1567 Quorum
1092 1499 1225 1562 sancto-

181 1625 256 1671 rum
278 1606 511 1673 sacratissima
533 1625 687 1692 corpora,
708 1608 744 1672 in
761 1627 862 1694 capsa
885 1613 1061 1696 argentea,
1076 1630 1140 1677 noc
1159 1631 1225 1676 non

180 1723 295 1810 plures
315 1722 401 1788 alias
416 1723 577 1808 reliquias
589 1727 624 1789 et
637 1724 834 1791 sanctuaria
850 1723 938 1790 dicte
953 1728 1071 1792 nostro
1086 1724 1226 1791 ecclesie

181 1842 217 1906 et
231 1838 402 1925 prioratus
424 1837 567 1924 predicti
593 1838 1034 1926 Sancti-Lupi·de·Naudo,
1057 1839 1152 1906 iufra
1167 1840 1226 1907 de·

183 1955 322 2042 signati,
348 1953 494 2039 undique
521 1954 557 2018 in
579 1955 754 2021 connitiva
781 1961 816 2022 et
843 1956 1006 2023 societate
1029 1959 1224 2023 sanctarum

180 2071 399 2156 reliquiarum
436 2070 675 2156 gloriosissimi
710 2071 843 2137 Domini
878 2070 1087 2139 confessoris
1117 2072 1226 2139 sancti

181 2186 280 2273 Lupi,
305 2184 549 2270 archiepiscopi
573 2185 790 2264 Senonensis,
829 2206 890 2272 per
918 2186 1072 2253 diversas
1110 2188 1225 2254 mundi

180 2308 295 2390 partes
323 2300 449 2368 Christi
465 2299 621 2367 fidelibus
653 2300 726 2368 fore
751 2301 973 2389 publicandas
987 2309 1022 2370 et
1037 2302 1223 2371 honorifice

180 2416 435 2489 transferendas
450 2416 672 2485 decrevimus.
690 2418 733 2486 Et
748 2420 869 2507 primo,
888 2420 1067 2507 quamdam
1084 2443 1223 2509 parvam

180 2535 350 2622 capsulam
379 2533 592 2621 quadratam,
621 2541 761 2622 argente
793 2543 999 2623 coopertam,
1021 2538 1220 2606 admodum

180 2653 287 2720 turris
304 2648 479 2738 quadrata,
509 2654 653 2736 quatuor
668 2651 863 2739 columpnas
880 2673 1022 2740 cupreas
1039 2653 1221 2724 deauratas

181 2770 215 2833 in
236 2772 381 2854 quatuor
397 2767 539 2853 angulos
556 2767 705 2854 ejusdem
723 2768 916 2847 habentem,
933 2791 1007 2836 cum
1023 2772 1168 2857 pomello
1183 2772 1221 2837 de

181 2903 283 2970 cupro
300 2882 462 2948 deaurato
475 2882 509 2946 in
523 2883 720 2950 summitate
732 2883 891 2971 ejusdem,
902 2885 938 2949 in
952 2905 1018 2972 qua
1029 2885 1221 2973 figurantur

181 2997 353 3063 duodecim
379 2998 536 3082 apostoli,
567 2999 654 3064 etin
678 3018 718 3064 ea
744 2998 973 3066 reconduntur
998 2999 1039 3066 de
1066 3003 1219 3089 reliquiis

181 3113 354 3180 duodecim
383 3113 613 3200 apostolorum
647 3115 779 3180 Domini
817 3116 926 3183 nostri
953 3116 1217 3197 Ihesu·Christi;

180 3232 279 3308 Item,
296 3229 461 3317 quoddam
484 3229 674 3309 brachium,
701 3236 844 3317 argento
870 3236 1063 3318 coopertum
1085 3235 1221 3301 circiter

179 3348 398 3435 manipulum,
428 3352 463 3414 et
489 3346 632 3413 inferius
663 3368 756 3430 auro,
801 3353 836 3416 et
862 3348 1031 3436 lapidibus
1056 3352 1218 3436 preciosis

181 3464 351 3532 subtiliter
386 3463 603 3542 decoratum,
644 3465 679 3529 in
715 3485 779 3550 quo
812 3466 1030 3533 continentur
1061 3465 1103 3532 de
1135 3467 1216 3533 reli-

181 3581 268 3667 quiis
284 3581 393 3647 sancti
414 3579 573 3659 Ebbonis,
590 3580 756 3666 quondam
774 3582 976 3648 Senoncnsis
992 3583 1218 3670 archiepisco-

182 3697 234 3782 pi;
250 3696 344 3774 item,
361 3695 540 3783 quamdam
569 3717 707 3784 parvam
735 3698 904 3785 capsulam
920 3701 1066 3787 argenti,
1093 3701 1135 3766 ad
1153 3721 1219 3766 mo-

182 3813 260 3879 dnm
282 3814 422 3881 ecclesie
443 3813 617 3882 subtiliter
645 3817 876 3902 compositam,
902 3816 936 3880 in
952 3816 1059 3902 ipsius
1077 3818 1217 3903 quadra-

181 3932 268 3997 turis
298 3935 332 3997 et
361 3931 541 4018 pignaculo
565 3931 744 3999 dumtaxat
773 3933 982 4011 deauratam,
1005 3935 1040 3998 in
1057 3954 1123 4020 qua
1138 3954 1214 4000 con-

183 4051 391 4142 conquioscit
421 4051 548 4141 digitus
584 4051 673 4119 beati
700 4051 828 4129 Andre,
860 4053 1016 4146 apostoli,
1049 4073 1210 4125 unacum
