2790 4792
693 422 890 488 ..206-

317 566 401 630 Obiit
422 565 588 648 lolianus,
615 567 688 647 filiu
712 568 866 651 Dyouiuii
890 566 929 630 de
954 567 986 630 lc
1014 563 1123 646 Vane,
1147 561 1319 645 quondm

274 704 361 749 uror
375 684 532 749 Guruerii
547 684 696 765 Martini,
713 703 783 767 qua
795 683 993 749 dedicantis
1009 687 1035 746 ii
1045 701 1074 747 s.
1090 691 1115 746 t.
1137 684 1254 747 auaui
1270 699 1320 744 re·

274 800 366 864 ditus
389 818 491 881 super
512 803 650 863 vineam
666 799 734 862 dou
750 798 861 862 Muros
875 799 989 863 motus
1003 796 1191 878 Rachefort
1214 815 1318 878 quum

276 919 416 980 vineam
435 923 525 978 tenet
539 913 680 979 Felisias
698 915 808 979 dictus
822 911 985 995 deCruce,
1005 913 1181 988 solvendos
1198 913 1245 976 ud
1254 913 1319 993 sca·

279 1039 351 1094 tum
371 1027 664 1112 Sancti-Remmia

305 1154 403 1210 Herris,
423 1155 441 1198 li
457 1154 690 1209 acuiliercs,‘tenet.

317 1263 350 1325 2.
366 1298 409 1309 -
427 1261 474 1325 VI
491 1261 579 1326 Non.
591 1298 634 1308 -
648 1259 812 1327 Obierunt
829 1260 1004 1326 Johannes
1024 1254 1180 1321 Bousard
1200 1260 1235 1322 et
1255 1256 1316 1322 Jo-

279 1377 404 1454 hanna‚
426 1395 509 1442 uxor
535 1377 625 1462 ejus,
644 1395 704 1461 pro
732 1374 852 1459 quibus
867 1373 968 1439 habet
992 1377 1194 1446 conventus,
1217 1389 1319 1456 super

274 1491 390 1557 domos
405 1490 598 1557 carnificum
614 1492 674 1557 viii
690 1496 762 1568 st,
779 1490 828 1555 xii
854 1488 884 1553 d.
905 1489 1101 1566 elemosina,
1117 1488 1168 1551 xii
1184 1486 1217 1551 d.
1241 1486 1319 1571 pul·

277 1612 419 1673 satores.

304 1729 349 1776 Hic
366 1733 549 1789 computantur,
560 1733 584 1775 et
593 1730 664 1777 debet
678 1730 785 1777 domnus
799 1729 874 1776 abbas
888 1741 932 1788 pro
946 1729 1053 1776 Botamio

318 1835 442 1900 Eadem
458 1835 524 1914 die,
541 1834 625 1902 obiit
636 1835 707 1902 Odo
721 1821 763 1901 de
777 1836 927 1913 Sociaco,
942 1853 1003 1921 pro
1022 1852 1087 1919 quo
1108 1833 1214 1902 habet
1235 1854 1320 1901 con·

277 1953 408 2033 ventus,
432 1970 532 2037 super
546 1934 729 2036 ¹quamdam
752 1951 885 2017 domum
901 1951 1000 2018 sitam
1016 1951 1052 2014 in
1066 1949 1175 2036 burgo
1190 1950 1322 2017 Sancti·

278 2066 471 2133 Petri-Viri
492 2067 582 2134 inter
604 2065 739 2133 domum
767 2066 973 2135 thesaurarii
1000 2086 1043 2132 ex
1066 2086 1136 2133 una
1160 2072 1261 2152 parte
1285 2070 1320 2131 et

276 2179 408 2247 domum
424 2180 592 2260 Zacharii,
603 2184 725 2269 potior,
738 2202 782 2248 ex
797 2181 917 2260 altera,
933 2182 979 2246 vii
997 2201 1025 2246 s.
1037 2185 1079 2259 t,
1096 2181 1131 2246 vi
1145 2180 1179 2246 d.
1197 2180 1322 2246 elemo-

281 2299 355 2362 sina
375 2297 409 2363 vi
425 2296 457 2361 d.
476 2297 679 2383 pulsatores,
703 2279 1046 2375 solvendos'hacdie,
1067 2301 1105 2362 ut
1128 2296 1165 2361 in
1190 2296 1319 2363 litteris

279 2410 370 2477 curie
387 2410 602 2488 Senonensis,
623 2414 827 2481 continetur.

319 2527 403 2592 Item
418 2546 478 2612 pro
491 2527 606 2593 eodem
626 2533 661 2594 ct
683 2548 744 2615 pro
760 2530 882 2605 Maria,
900 2548 1005 2593 uxore
1024 2547 1097 2604 sua,
1115 2526 1221 2594 habet
1237 2546 1322 2592 con-

274 2646 407 2722 uentus,
427 2663 527 2729 super
550 2645 682 2711 vineam
707 2645 741 2708 in
764 2645 852 2711 valle
876 2645 1015 2729 Masoye
1030 2644 1068 2708 iii
1083 2663 1111 2708 s.
1132 2647 1158 2710 t.
1177 2641 1321 2708 redden·

274 2756 333 2822 dos
352 2759 386 2822 in
402 2760 550 2825 crastino
566 2759 953 2836 Omnium-Sanctorum,
978 2763 1014 2824 ut
1035 2760 1069 2821 in
1091 2757 1170 2824 aliis
1192 2758 1322 2824 litteris

277 2873 478 2958 continetur.

308 2998 423 3046 Dubium.
437 3025 468 3035 -
484 3004 523 3048 En
539 2973 594 3049 vau
611 3003 710 3048 Masau.

320 3088 443 3154 Eadem
472 3089 545 3168 die,
572 3090 664 3158 Obiit
700 3092 822 3158 Petrus
863 3091 972 3157 dictus
1004 3090 1219 3168 Puteohere,
1257 3112 1320 3176 pro

274 3224 338 3291 quo
353 3203 456 3271 habet
469 3209 653 3272 conventus
668 3205 755 3290 apud
772 3203 1196 3290 Maleyum-Viceoomitis,
1216 3224 1319 3290 super

275 3319 488 3412 duaspccias
517 3325 609 3387 terre
634 3340 775 3407 quarum
803 3341 870 3385 una
898 3322 965 3387 sita
987 3324 1039 3386 est
1071 3317 1112 3384 ad
1133 3318 1317 3404 pratellum

275 3435 375 3520 juxta
402 3439 528 3501 terram
560 3435 786 3513 Sancti-Pauli
811 3435 851 3500 de
872 3436 995 3502 Vanna
1033 3438 1068 3501 ct
1097 3433 1201 3519 juxta
1226 3434 1318 3499 uiam

277 3568 499 3627 communam‚
519 3552 553 3615 et
586 3549 653 3614 alia
677 3551 772 3635 pccia
790 3550 856 3616 sita
877 3553 929 3616 est
954 3550 988 3613 in
1012 3548 1084 3613 loco
1101 3567 1165 3633 quo
1192 3546 1319 3614 dicitur

278 3664 328 3729 Ad
344 3665 453 3731 Prata
481 3664 580 3750 juxta
603 3667 730 3729 terram
766 3662 1082 3730 Sancti-iohannis
1110 3661 1319 3728 Sunonensis

277 3784 311 3845 et
341 3780 442 3865 juxta
480 3784 607 3846 terram
644 3779 839 3869 Laurencii¹
858 3777 984 3843 Villart
1012 3775 1054 3842 ad
1094 3777 1185 3841 viam
1217 3775 1319 3841 desoz

277 3894 409 3959 Merruz
435 3895 469 3959 in
490 3896 625 3960 censiva
648 3895 788 3980 MaJoris
815 3893 1038 3974 Domus-Dei,
1067 3894 1168 3978 prout
1192 3891 1228 3955 in
1257 3890 1320 3957 lit-

278 4009 361 4075 teris
383 4010 473 4075 curie
495 4009 697 4085 Sunonensis
713 4011 916 4086 continetur,
938 4029 957 4074 v
979 4028 1005 4073 s.
1026 4012 1053 4074 t.
1075 3986 1319 4092 persolvendos
