2790 4792
682 402 857 471 -32-

295 542 418 609 Eodem
441 548 603 629 tempore,
631 545 767 631 quidam
792 566 889 611 cecus
929 546 971 611 ad
1004 534 1292 632 sollempnitatem

252 662 445 741 sanctorum
467 665 656 744 martyrum
677 662 782 727 venit.
803 661 867 736 Qui
891 665 1045 727 sanctum
1066 661 1292 726 Savinianum

249 771 423 838 humiliter
440 773 616 859 postulans
633 776 765 841 meritis
788 777 895 861 ipsios
919 777 1028 841 sancti
1055 777 1173 842 statim
1191 776 1294 863 adju·
1361 756 1370 771 ⁴

247 893 315 965 tus,
341 889 398 972 qui
421 908 518 954 cecus
542 891 633 954 omni
655 893 806 975 tempore
826 889 939 957 fuerat
959 874 1067 955 socios
1088 909 1167 954 suos
1187 889 1289 968 vidit,

249 1009 282 1070 et
306 1004 393 1089 quod
423 1004 548 1070 dudum
570 1006 809 1092 desperaverat
835 1026 908 1071 sese
939 1004 1064 1070 habere
1084 1003 1292 1070 mirabiliter

248 1119 445 1187 mirabatur.
478 1120 578 1186 Plebs
599 1119 709 1186 omnis
733 1121 825 1186 illins
847 1120 951 1186 saluti
974 1121 1030 1204 qui
1052 1138 1149 1184 cecus
1176 1102 1293 1212 fuerat

247 1237 516 1322 congratulatur,
538 1238 702 1323 martyris
727 1238 918 1303 reverentia
940 1236 974 1299 in
998 1239 1216 1321 augmentum
1238 1233 1293 1299 di-

247 1349 387 1428 latatur,
402 1357 436 1418 et
451 1351 639 1418 Salvatoris
658 1352 837 1418 'clementia
851 1349 1073 1416 collaudatur.

289 1469 436 1545 Qnedam
453 1471 573 1534 mulier
587 1469 628 1534 de
655 1470 866 1546 Valliliariis‚
890 1469 1009 1534 solutis
1026 1485 1208 1532 nervorum
1235 1466 1293 1532 fu-

203 1583 360 1663 10nibuS,
378 1586 513 1671 vestigii
529 1606 627 1651 usum
641 1585 855 1671 perdiderat;
875 1605 939 1669 qne
965 1584 1080 1650 liberis
1104 1585 1292 1648 amicorum

247 1699 397 1764 consiliis
412 1702 625 1766 consentiens
638 1700 680 1765 ad
701 1702 798 1767 Beati
819 1700 913 1765 Petri
932 1698 1174 1765 monasterium
1187 1717 1293 1784 apor-

244 1817 360 1892 tatur;
378 1834 441 1898 que
456 1813 590 1881 beatum
610 1815 829 1881 Savinianum
844 1813 1017 1880 humiliter
1032 1812 1218 1899 deposcens
1233 1833 1293 1878 re-

245 1926 333 2010 cepit
357 1928 545 1993 omnimode
566 1929 760 2007 sanitatem,
779 1949 879 2014 quam
894 1930 1043 2013 recipere
1067 1947 1133 1993 non
1153 1932 1292 2014 poterat

245 2059 306 2125 per
320 2041 495 2106 solerciam
513 2042 732 2109 medicorum.

289 2155 430 2229 Quidam
453 2157 570 2242 laycus
593 2159 728 2223 nomine
752 2157 952 2224 Heribertus
981 2177 1094 2224 coram
1127 2159 1292 2224 sacrariis

245 2269 390 2337 dormire
404 2277 636 2367 consueverat.
654 2274 718 2338 Hic
728 2293 808 2339 vero
823 2278 922 2340 nocte
935 2273 1079 2358 quadam
1091 2274 1290 2358 priusquam

245 2406 382 2472 sompno
397 2387 596 2465 solveretur,
615 2388 783 2453 lacescere
795 2387 902 2453 lucem
918 2389 954 2452 in
977 2385 1189 2474 lampadibus
1206 2407 1293 2452 con-

244 2505 377 2582 tuetur;
405 2504 493 2588 cepit
518 2503 741 2580 tumultuare,
768 2522 945 2569 rancorem
970 2523 1071 2589 agere
1106 2507 1140 2569 et
1174 2521 1293 2568 coram
1321 2504 1324 2510 '

244 2622 436 2684 sanctorum
451 2619 623 2703 presentia
635 2638 689 2682 res
704 2619 893 2685 immeritas
909 2638 1069 2684 accusare
1082 2641 1091 2698 ;
1108 2618 1161 2683 cui
1177 2617 1293 2684 subito

194 2737 234 2798 2ss
245 2732 380 2816 quidam
404 2754 568 2818 apparens
583 2735 620 2798 in
650 2733 711 2798 hec
732 2734 835 2800 verba
854 2735 1033 2820 prorupit:
1052 2733 1175 2797 Annon
1198 2731 1296 2797 Savi-

244 2847 382 2911 nianum
406 2853 591 2933 martyrem
613 2849 829 2934 cognovisti?
856 2851 900 2917 Et
929 2851 1047 2916 statim
1069 2849 1159 2916 dicto
1185 2848 1293 2912 Heri-

243 2963 338 3029 berto
352 2964 467 3049 gravis
491 2963 650 3048 colaphus
665 2964 829 3031 incutitur
844 2969 878 3030 et
902 2965 938 3028 in
962 2964 1083 3030 ultima
1101 2963 1195 3027 chori
1213 2967 1291 3029 sta-

242 3057 334 3144 tion'e
350 3077 522 3157 deductus
545 3078 638 3143 humi
662 3079 871 3164 provolvitur
890 3082 924 3144 et
948 3097 1046 3142 mane
1072 3076 1161 3142 facto
1180 3079 1290 3141 semi-

242 3193 338 3259 vivus
362 3195 545 3278 reperitur.
565 3195 688 3261 lectulo
711 3193 896 3259 infirmario
919 3195 1131 3280 componitur
1154 3197 1189 3258 et
1213 3192 1288 3258 fere

242 3327 299 3392 per
318 3328 441 3372 annum
461 3308 632 3387 laborans
648 3310 706 3374 vix
725 3308 861 3375 tandem
877 3310 1058 3391 convaluit,
1076 3314 1211 3392 recepta
1225 3329 1289 3394 per

244 3429 436 3490 sanctorum
450 3424 572 3489 merita
586 3426 760 3510 sospitate.

284 3536 397 3604 Abbas
411 3539 609 3604 monasterii
623 3536 754 3603 cuidam
767 3539 926 3624 religioso
941 3539 1075 3604 nomine
1089 3536 1285 3602 Theobaldo

242 3672 356 3720 curam
388 3671 561 3718 sacrorum
589 3655 813 3719 commiserat.
844 3655 908 3720 Hic
938 3658 1036 3719 nocte
1074 3651 1219 3736 quadam
1248 3654 1285 3717 in

241 3769 352 3834 extasi
367 3770 497 3854 positus
512 3768 571 3833 Dei
592 3768 788 3854 genitricem
807 3789 880 3833 cum
906 3768 1068 3854 apostolis
1089 3784 1202 3831 coram
1228 3768 1285 3832 al-

137 3884 144 3900 '
191 3881 307 3949 actori
333 3888 446 3950 astare
467 3887 657 3949 contuetur.
687 3883 782 3948 Inter
812 3903 894 3967 quos
925 3882 1028 3949 etiam
1059 3880 1282 3946 Savinianum

213 3991 217 4007 '
239 4001 424 4082 martyrem
441 3998 538 4077 vidit,
565 3999 621 4083 qui
636 4017 671 4063 se
686 3997 825 4084 gerebat
840 4003 1002 4083 tanquam
1017 3996 1098 4063 dicti
1111 4003 1283 4066 monaste·

67 4216 260 4512 q
1057 4119 1070 4145 ,
