2790 4792
570 453 615 472 -
636 421 680 488 79
704 457 748 472 ..

186 561 400 656 niciosus.
423 561 487 628 Hic
500 554 586 628 obiit
606 565 641 628 et
656 562 806 649 sepultus
823 561 887 629 fuit
897 563 999 649 juxta
1014 564 1184 650 predeces-

142 696 246 743 sores.

184 791 414 860 Ducnnnrnns.
437 793 600 879 Tempore
627 793 746 879 ipsius,
781 791 861 859 urbs
895 794 1059 860 Senonica
1085 801 1183 883 capta

141 909 216 977 fuit
327 925 329 929 ’

182 1024 465 1093 Ancnnnunarus.
490 1025 596 1093 Juxta
610 1025 866 1112 predecessores
887 1025 1038 1113 sepultus
1053 1026 1130 1094 fnit.

182 1139 380 1206 Onnnnnus.
403 1141 565 1227 Tempore
583 1141 695 1219 istius,
719 1159 834 1206 mense
859 1141 964 1218 Maio,
990 1140 1076 1227 pluit
1102 1160 1183 1237 sarp-

36 1242 40 1249 ’
139 1255 226 1340 guis.

182 1371 412 1437 Nonannnus.
439 1370 503 1436 Hic
533 1368 672 1438 tenebat
695 1369 810 1435 Sancti
835 1369 930 1435 Petri
949 1370 1040 1451 vivi,
1067 1369 1181 1435 Sancti
1258 1430 1260 1434 .

139 1484 296 1570 Remigii,
316 1483 431 1551 Sancti
446 1484 571 1551 Eraclii
587 1488 621 1551 et
633 1483 748 1550 Sancti
764 1484 858 1550 Petri
874 1484 1104 1550 Ferrariensis
1120 1483 1181 1549 ab·

137 1597 265 1665 bucias.
292 1599 355 1674 Qui
376 1598 524 1679 vendens
539 1599 769 1686 possessiones
793 1601 828 1664 et
842 1597 1000 1664 ecclesias
1017 1603 1052 1664 et
1080 1617 1180 1664 orna·
1193 1581 1229 1684 '10

137 1717 254 1780 menta
282 1712 479 1800 parentibus
512 1712 697 1791 distribuit,
729 1717 764 1780 et
807 1717 926 1798 postea
959 1713 1180 1779 Nivernensis

138 1829 314 1916 episcopus
351 1827 489 1924 effectus
527 1833 591 1896 est.
626 1826 775 1894 Abbacia
803 1827 921 1893 Sancti
938 1827 1032 1893 Petri
1045 1828 1181 1905 Virta

136 1946 290 2029 tempore
312 1943 372 2010 illo
397 1938 565 2030 usquead
587 1946 720 2029 tempus
732 1943 846 2009 domni
860 1943 972 2009 Sevini
999 1943 1180 2028 archiepis-

136 2057 223 2143 copi,
242 2059 316 2123 sine
339 2056 460 2125 abbate
486 2057 663 2136 remansit,
684 2061 719 2124 et
741 2058 909 2135 monachi,
937 2056 979 2123 ob
1002 2058 1176 2143 penuriam

136 2171 250 2251 divisi,
270 2176 493 2260 vagarerunt.
878 2254 882 2261 .
906 2167 918 2175 ’

182 2287 398 2355 Romaanus.
437 2286 507 2355 Iste
532 2306 636 2374 nepos
660 2285 725 2353 fuit
759 2285 872 2352 domni
900 2287 1013 2353 sevini
1034 2272 1179 2351 ‘archie-

135 2402 276 2489 piscopi.
300 2403 520 2470 Restauravit
540 2402 782 2469 monasterium
806 2405 841 2467 et
863 2400 1046 2467 claustrum
1063 2399 1178 2466 Sancti

135 2517 242 2600 Petri,
270 2517 452 2583 monachos
478 2517 663 2593 revocarit,
687 2518 800 2581 terras
823 2517 858 2580 et
882 2512 999 2601 predia
1021 2512 1175 2580 redemit.

137 2631 287 2698 Consilio
302 2630 384 2707 dicti
405 2631 661 2717 archiepiscopi,
676 2650 799 2716 corpus
816 2629 906 2695 beati
924 2628 1070 2694 Ebbonis
1085 2627 1179 2693 leva·

136 2747 200 2814 vit.
224 2745 295 2812 Iste
316 2746 521 2814 constitutus
547 2734 611 2813 fnit
634 2765 708 2811 esse
735 2745 864 2832 primus
889 2748 964 2831 post
987 2744 1176 2831 episcopum
1188 2766 1227 2828 20

137 2866 218 2928 ante
234 2881 351 2927 omnes
370 2860 455 2927 alios
472 2859 624 2939 abbates,
643 2864 677 2927 et
697 2879 908 2926 successores
923 2860 975 2924 sui
994 2863 1071 2945 post
1086 2879 1173 2925 enm.

181 2977 277 3043 Indo.
305 2974 445 3051 Quidam
469 2980 592 3042 vocant
619 2974 721 3042 istum
745 2975 921 3062 Hngonem
943 2973 1096 3040 abbatem
1118 2973 1176 3039 sed

137 3091 212 3177 plus
238 3091 399 3157 scribitur
425 3093 509 3179 Ingo
536 3111 634 3179 quam
664 3093 775 3179 Hugo.
809 3089 1085 3177 Consanguineus
1112 3089 1176 3156 fuit

138 3207 241 3292 regis.
262 3205 374 3273 Abbas
391 3205 457 3274 init
482 3207 597 3273 Sancti
623 3207 764 3273 Martini
780 3205 983 3272 Mathiensis
1007 3207 1041 3270 et
1061 3203 1175 3270 Sancti

138 3318 297 3385 Germani
323 3320 548 3388 Parisiensis.—
566 3311 728 3409 Tempore
747 3322 847 3389 istius
868 3320 1018 3409 Ingonis,
1040 3325 1176 3387 sanctus

137 3434 375 3516 Theodericus,
389 3439 564 3526 episcopus
578 3438 845 3516 Aurelianensis,
877 3439 933 3524 qui
958 3442 1036 3504 ante
1058 3456 1177 3502 mona-

137 3548 219 3615 chus
243 3549 356 3618 fuerat
376 3552 492 3620 Sancti
518 3554 612 3622 Petri
635 3554 726 3631 Viri,
755 3558 911 3640 atnepos
936 3551 1099 3619 Rainardi
1123 3551 1178 3617 ab·

137 3662 238 3743 batis,
264 3648 348 3733 obiit
360 3667 544 3734 virtutibus
556 3668 688 3755 plenus,
713 3668 792 3733 dnm
812 3669 879 3734 iret
900 3668 1053 3744 Romam,
1070 3670 1105 3732 et
1121 3685 1177 3732 se·

135 3777 250 3863 pultus
263 3777 328 3846 fuit
347 3780 383 3844 in
399 3780 538 3848 abbacia
558 3781 673 3849 Sancti
689 3781 867 3848 Michaelis
894 3780 1172 3848 Tornodorensis.
1272 3801 1278 3811 ·

135 3891 225 3959 Obiit
250 3893 365 3980 itaque
393 3894 533 3962 domnus
558 3896 642 3986 lngo
668 3917 756 3963 anno
786 3895 919 3964 Domini
944 3896 995 3962 M⁰
1017 3895 1175 3963 vicesimo

136 4009 264 4093 quinto.
292 4007 358 4073 Suo
387 4028 528 4099 namqpe
554 4016 721 4100 tempore,
743 4009 945 4090 Ludovicus‚
967 4030 1077 4078 comes
1093 4010 1175 4076 Ale-
