2790 4792
613 426 811 494 ..238-

239 570 339 636 Prior
365 566 783 657 Sancti-Lupi-domaudo
807 591 855 637 xx
879 591 904 636 s.
929 565 967 656 p.
992 572 1027 637 et
1047 588 1110 656 pro
1136 572 1232 655 pastu

194 706 266 752 xxx
285 708 312 752 s.
328 709 360 774 p.

237 803 336 869 Prior
351 802 391 867 de
406 801 605 870 Andrisiaco
622 805 658 869 ix
679 825 705 868 s.
729 824 762 890 p.

238 918 337 984 Prior
353 916 393 983 de
407 917 572 984 Auxonno
586 939 658 985 xxx
671 938 697 983 s.
713 938 745 1004 p.
767 923 801 986 et
815 937 876 1004 pro
888 923 987 1004 pastu
1006 937 1082 984 xxx
1103 937 1131 983 s.
1155 937 1187 1004 p.

238 1033 336 1099 Prior
350 1032 714 1101 Sancti-Bartholomai
730 1035 779 1100 xii
793 1054 821 1100 s.
843 1039 871 1101 t.

238 1149 339 1216 Prior
356 1148 396 1217 do
416 1150 557 1216 Reciaco
578 1152 612 1216 vi
628 1170 656 1216 S.
676 1155 703 1217 t.

238 1265 482 1332 Thesaurarius
504 1266 540 1331 lx
563 1287 591 1331 s.
609 1271 636 1332 t.

237 1374 446 1448 infirmarius
459 1402 531 1447 xxx
549 1404 571 1448 v
588 1403 615 1447 s,
638 1386 665 1448 t.

232 1498 495 1564 Elomosinarius
508 1499 594 1564 xxiii
615 1518 642 1564 s.
663 1520 697 1587 p.

234 1613 361 1681 Cantor
373 1615 411 1679 iii
423 1636 451 1680 s.
466 1635 498 1700 p.

235 1730 395 1796 Dominus
411 1730 514 1796 abbas
529 1750 590 1817 pro
609 1724 781 1797 celerario.

234 1845 377 1911 Summa
389 1848 428 1912 de
442 1867 556 1912 mense
568 1849 736 1914 Deccmbri
747 1852 867 1912 rocio
879 1849 920 1913 io.
938 1852 1002 1913 oio
1014 1868 1042 1914 s.
1058 1870 1081 1914 υ
1092 1851 1127 1915 d.

233 1939 449 2029 raorcuoer
465 1965 723 2030 operiemur-io
737 1968 819 2029 moia
833 1965 875 2029 u.
889 1968 973 2028 ariri
988 1984 1016 2029 s.
1034 1969 1095 2030 uiua
1114 1967 1149 2031 o.

233 2162 298 2209 HEC
312 2162 400 2210 SUNT
412 2163 564 2211 cosmum
578 2163 645 2220 Qun
659 2162 772 2211 RECIPI
786 2162 919 2210 DEBENT
934 2162 1004 2209 CUM
1016 2163 1125 2212 CENSU
1137 2164 1222 2210 APUD

189 2277 569 2326 PONTEs·SUPER·YONEM
593 2279 649 2326 mn
674 2277 836 2325 nomlmcn
864 2278 946 2325 POST
986 2277 1221 2327 Narlvlnnxnn

189 2393 310 2441 DOMINI
344 2394 410 2442 PRO
435 2394 685 2443 ANNIVERSARIO
712 2393 874 2442 GAUFRIDI
888 2392 1030 2441 ABBATIS
1056 2394 1148 2452 QUOD
1170 2395 1220 2442 nm

189 2509 226 2556 IN
242 2510 406 2558 AUGUSTO.

232 2671 298 2737 Pro
318 2672 417 2737 vinea
436 2672 502 2737 sita
520 2672 554 2736 in
575 2671 669 2737 ochis
683 2669 848 2745 Gaufridi,
869 2671 904 2734 in
920 2670 991 2736 loco
1017 2672 1074 2756 qui
1099 2669 1217 2738 dicitur

184 2785 235 2852 los
251 2787 396 2874 Arpano,
412 2786 513 2872 juxta
526 2789 659 2853 vineam
679 2786 814 2871 Jaquini
833 2786 959 2863 Haion,
977 2806 1041 2872 que
1058 2785 1124 2853 fuit
1149 2787 1216 2851 An·

187 2901 265 2966 drea
281 2901 320 2967 de
336 2902 531 2988 Alta-Ripa,
550 2907 585 2969 et
597 2902 693 2987 juxta
705 2903 837 2966 vineam
853 2901 981 2966 Pichon
999 2922 1062 2986 que
1076 2900 1142 2969 fuit
1161 2903 1216 2967 Το·

186 3037 277 3099 roan,
300 3037 360 3103 pro
379 3038 446 3083 una
464 3023 626 3096 costuma,
650 3019 798 3082 iminam
817 3016 908 3082 ordei
931 3022 965 3084 et
988 3037 1035 3083 xx
1055 3017 1089 3084 d.
1115 3025 1142 3085 i.
1160 3037 1215 3105 pro

186 3153 287 3198 censu
303 3139 412 3220 cipro
429 3155 496 3200 una
506 3134 644 3221 gallina.

229 3252 295 3317 Pro
319 3252 386 3317 alia
400 3253 498 3317 vinea
515 3253 549 3316 in
563 3251 677 3317 eodem
691 3251 775 3327 loco,
798 3250 809 3313 i
827 3250 949 3313 minam
966 3247 1060 3314 ordei
1079 3270 1141 3336 pro
1154 3269 1212 3315 una

185 3371 337 3433 costuma
349 3372 383 3434 et
400 3388 448 3431 xx
471 3367 503 3433 d.
526 3387 586 3454 pro
605 3370 755 3433 consuet
778 3385 838 3452 pro
855 3364 992 3452 gallina.

215 3493 353 3551 Stephanus
366 3492 479 3539 Pichons.

229 3593 295 3658 Pro
319 3598 412 3660 terra
431 3594 497 3659 sita
517 3593 551 3657 in
571 3593 664 3657 ochis
688 3590 841 3656 Gaufridi
856 3590 957 3675 juxta
979 3590 1113 3655 vineam
1128 3590 1210 3655 Cha·

182 3707 241 3775 bot
255 3714 288 3776 et
303 3709 411 3798 juxta,
419 3715 545 3777 terram
569 3705 877 3782 Sancte-Columba,
896 3706 907 3768 i
931 3706 1104 3785 minallum
1123 3705 1209 3772 ordei

182 3829 216 3892 et
230 3847 252 3891 v
267 3826 301 3890 d.
318 3846 378 3911 pro
394 3825 528 3910 sequela
539 3845 599 3912 pro
616 3824 752 3890 dimidia
766 3826 927 3890 costuma.

212 3942 333 4001 Jaquinus
344 3942 438 3988 Bolaut.

226 4038 293 4105 Pro
311 4041 377 4107 alia
389 4041 483 4127 pecia
500 4045 590 4108 terre
606 4041 673 4107 sita
692 4041 728 4104 in
751 4037 864 4106 eodem
887 4038 959 4105 loco
974 4039 1072 4122 juxta
1086 4044 1205 4108 terram

15 4324 223 4502 ἢ
