2790 4792
652 385 829 454 ..20-

222 530 263 598 ab
281 531 422 607 Helena,
441 535 550 602 matre
568 530 784 602 Constantini
804 529 1032 615 imperatoris,
1056 549 1115 614 per
1139 527 1262 595 Judam

216 645 355 733 judeum
388 646 444 730 qui
471 644 569 711 modo
602 649 740 712 sanctus
763 645 939 720 Qniriacus
967 649 1129 722 vocatur,
1157 645 1260 710 utin

221 761 460 827 ecclesiasticis
478 763 609 846 postest
623 755 789 846 hystoriis
805 760 958 846 reperiri.
975 759 1045 825 Hec
1056 758 1259 825 miraculose

221 881 298 942 acta
330 876 468 942 fuerunt
496 875 730 941 iherosolimis
760 893 848 940 anno
890 895 910 939 a
940 875 1097 960 passione
1130 872 1260 939 Christi

219 989 295 1056 000.
312 991 411 1056 Anno
430 1009 510 1057 vero
530 988 571 1056 ab
588 989 827 1056 Incarnatione
843 990 891 1054 Mo
905 989 1122 1075 nonagesimo
1139 989 1258 1074 quinto

217 1105 431 1190 partiuncula
449 1124 547 1190 quam
571 1104 733 1171 habemus
753 1103 901 1190 predicte
923 1109 1039 1170 sancte
1063 1103 1173 1169 crucis
1202 1104 1260 1169 in-

215 1223 317 1287 venta
333 1220 398 1286 fuit
410 1239 484 1286 cum
498 1220 780 1306 superscriptione
795 1218 947 1304 legitima
961 1238 983 1283 a
996 1218 1081 1283 bone
1096 1219 1259 1284 memorio

217 1333 340 1399 domno
366 1333 537 1412 Richerio,
557 1333 743 1399 Senonensi
770 1334 1033 1420 archiepiscopo,
1056 1335 1091 1397 in
1111 1319 1259 1418 quodam

215 1449 339 1513 scrinio
356 1449 392 1513 in
418 1467 483 1533 quo
499 1452 574 1514 erat
594 1453 693 1533 caput
717 1447 809 1514 beati
825 1447 1002 1535 Gregorii,
1028 1467 1112 1534 pape
1135 1453 1171 1514 et
1195 1447 1260 1513 do-

168 1564 330 1645 motoris.
350 1563 397 1628 De
413 1562 528 1628 eadem
544 1583 624 1629 rere
637 1583 735 1629 cruce
748 1564 880 1629 Domini
896 1564 998 1630 aliam
1007 1563 1259 1650 partiunculam

213 1678 401 1764 recepimus
424 1697 444 1744 a
466 1676 624 1745 defuncto
647 1679 854 1758 Alexandra,
876 1679 1063 1765 presbitero
1087 1678 1259 1764 quondam

214 1792 328 1859 Sancti
341 1793 426 1879 Lupi
446 1791 486 1857 de
510 1792 644 1871 Nande,
668 1813 766 1879 quam
790 1793 878 1860 idem
892 1794 1060 1890 presbiter
1080 1799 1258 1880 receperat

214 1935 234 1980 a
255 1915 413 1983 defuncto
439 1916 622 2001 Stephano,
640 1919 774 1995 comite,
804 1917 899 2003 cujus
930 1917 1123 2004 capellanus
1142 1917 1260 1985 fuerat

213 2031 305 2104 ultra
318 2049 433 2111 mare;
452 2038 486 2099 et
506 2032 594 2098 idem
612 2053 722 2099 comes
747 2039 921 2120 receperat
936 2054 956 2099 a
977 2033 1144 2100 Balduino
1158 2052 1256 2120 rego.

213 2145 312 2218 Anno
339 2147 472 2212 Domini
488 2149 537 2212 M⁰
556 2148 596 2214 0⁰
616 2149 695 2212 ΧΧο
710 2149 820 2216 dictus
842 2149 1010 2235 presbiter
1033 2148 1159 2216 dictam
1172 2167 1259 2234 par·

212 2260 397 2326 tiunculam
420 2261 505 2327 bone
526 2264 684 2329 memorie
708 2263 852 2330 Alnaldo
879 2263 993 2331 abbati
1017 2269 1051 2330 et
1071 2265 1259 2331 conventui

213 2373 428 2448 condonavit.
538 2384 540 2388 '

426 2625 469 2672 DE
490 2626 616 2674 runlon
639 2584 764 2675 DOMINI¹
783 2627 826 2674 ΕΤ
848 2625 892 2672 ΒΕ
913 2625 1044 2674 Prnnro

255 2834 442 2901 Secundum
455 2836 656 2915 iohannem,
673 2838 799 2905 milites
814 2858 889 2904 oum
903 2837 1150 2905 crucifixissent
1163 2839 1184 2904 J
1186 2838 1254 2905 he-

163 2968 285 3032 20sum
311 2955 511 3037 acceperunt
539 2953 741 3018 vestimenta
765 2953 838 3038 ejus
868 2958 903 3019 et
926 2952 1081 3019 fecerunt
1107 2960 1257 3038 quatuor

111 3150 114 3159 Ι
210 3069 338 3150 partes.
364 3065 448 3132 Erat
475 3071 587 3134 autern
618 3069 735 3134 tunica
761 3067 975 3134 inconsutilis
1001 3067 1143 3154 desuper
1168 3077 1254 3133 c'on-

210 3185 307 3248 texta
328 3202 388 3267 per
408 3186 527 3248 totum.
549 3183 716 3277 Dixerunt
736 3203 817 3270 ergo
841 3205 848 3248 :
877 3183 955 3250 Non
970 3182 1161 3249 scindamus
1175 3202 1254 3248 eam

212 3295 270 3361 sed
291 3297 473 3362 sortiamur
488 3295 528 3362 de
547 3317 587 3362 ea
600 3298 694 3384 cujus
710 3300 767 3366 sit.
787 3299 834 3364 De
855 3297 971 3364 eadem
988 3299 1105 3363 tunica
1116 3297 1255 3362 Domini

211 3410 374 3496 quomodo
384 3412 488 3477 Rome
505 3411 608 3478 fuerit
622 3432 682 3499 per
689 3413 848 3497 Pylatum
864 3413 1054 3499 deportata,
1068 3413 1116 3476 sic
1134 3410 1257 3476 scribi-

210 3530 267 3592 tur
282 3527 317 3590 in
333 3524 476 3611 quadarn
490 3527 647 3611 hystoria
667 3547 730 3613 que
745 3529 937 3596 continetur
946 3529 981 3592 in
996 3527 1082 3592 libro
1096 3526 1153 3611 qui
1168 3526 1256 3593 Vita

209 3642 322 3707 Aurea
346 3642 551 3707 nominatur.
577 3641 720 3725 Pylatus
743 3642 809 3710 fuit
823 3642 912 3708 filius
932 3642 1016 3727 Pyle
1043 3640 1112 3706 filie
1135 3641 1256 3727 cujus·

212 3753 289 3820 dam
313 3755 549 3823 molendinarii
570 3759 626 3842 qui
647 3759 733 3826 Atus
753 3758 1004 3836 nominabatur,
1036 3763 1071 3824 et
1095 3778 1138 3823 ex
1163 3757 1258 3842 Pyla

211 3876 246 3936 et
261 3871 348 3939 Atus
361 3877 501 3940 vocatus
518 3871 584 3942 fuit
599 3875 756 3960 Pylatus.
776 3876 891 3962 Ipsum
907 3875 1024 3961 genuit
1039 3873 1175 3959 quidam
1191 3893 1259 3941 rex

214 3987 347 4053 nomine
364 3989 484 4073 Tyrus.
514 3989 607 4058 Idem
629 4010 691 4061 rex
711 3991 886 4079 quemdam
908 3991 1011 4058 alium
1032 3988 1139 4058 filium
1164 3989 1258 4079 legi-
