2790 4792
579 437 755 504 „83-

144 579 387 645 monasterium
408 578 498 645 rexit
518 597 579 664 per
601 578 713 645 decem
740 597 883 644 menses.
905 578 976 645 Iste
999 585 1072 646 orat
1088 581 1180 665 prior

142 692 258 760 Sancti
275 694 362 780 Lupi
375 692 415 759 de
426 692 560 772 Naudo,
578 693 634 758 ubi
646 693 889 780 pulcherrimas
903 693 1019 761 domos
1031 694 1180 762 edificari

143 805 235 892 fecit,
254 814 289 876 et
312 811 477 876 maximas
499 808 674 875 clausuras
691 829 861 875 murorum
881 811 970 876 circa
982 812 1180 899 granchiam

139 925 176 989 in
194 925 290 992 colle.
313 924 404 992 Obiit
428 930 578 1013 tompore
595 925 708 991 domni
733 925 862 993 Galtcri
888 927 1040 1006 Cornuti,
1071 928 1179 994 Seno-

141 1043 257 1106 nensis
273 1041 525 1128 archiepiscopi,
547 1047 582 1109 et
597 1043 632 1106 in
650 1042 797 1128 capitulo
813 1042 986 1129 sepelitur.

185 1155 398 1224 Gaunurnus.
415 1156 514 1223 Anno
529 1157 661 1223 Domini
680 1157 728 1223 Μο
740 1157 805 1223 00⁰
820 1156 895 1224 XL⁰
907 1177 967 1244 per
983 1158 1073 1225 viam
1094 1178 1182 1225 com·

147 1273 308 1359 promissi
338 1271 403 1340 fuit
424 1274 551 1340 electus
579 1273 615 1338 in
640 1272 794 1340 abbatem
819 1273 960 1341 domnus
974 1272 1178 1354 Gaufridus3

143 1388 234 1455 filius
264 1389 330 1457 fuit
361 1388 533 1476 cujusdam
559 1386 678 1457 militis
702 1389 743 1455 de
776 1390 1005 1477 Montigniaco
1028 1390 1181 1457 Laucout

143 1507 281 1572 nomine
295 1504 470 1572 Guidonis.
488 1507 601 1593 Nepos
617 1505 683 1572 fuit
702 1505 815 1571 domni
837 1506 1038 1584 Normanni,
1065 1507 1183 1574 Sancti

143 1621 292 1707 Remigii
308 1620 453 1700 abbatis,
467 1625 502 1688 ct
512 1620 684 1708 cujusdam
698 1620 830 1689 abbatis
845 1621 886 1687 de
898 1620 1041 1689 Norrais
1055 1622 1183 1688 ordinis
1197 1619 1234 1683 10

144 1736 411 1822 cysterciensis;
451 1736 720 1823 consanguineus
757 1735 869 1802 domni
910 1736 1084 1804 Guillermi
1122 1739 1184 1803 Jn-

143 1851 249 1931 tardi,
268 1851 402 1919 abbatis
426 1853 534 1938 primo
554 1853 756 1939 Morigniaci
776 1855 810 1919 et
830 1858 947 1940 postea
973 1854 1088 1921 Sancti
1116 1855 1185 1920 Rc·

141 1968 238 2055 migii
271 1968 487 2046 Sunonensis,
516 1972 551 2035 et
577 1969 846 2056 consanguineus
873 1968 1016 2048 Galteri,
1053 1968 1183 2036 Gilonis

139 2083 300 2164 fratrum,
313 2084 452 2151 Henrici
464 2089 499 2152 et
513 2084 644 2151 Gilonis
658 2089 816 2173 nepotum
828 2084 1064 2164 Cornutorum,
1081 2086 1182 2152 Seno·

142 2201 301 2265 nensium
343 2196 681 2288 archiepiscoporum.
724 2200 942 2288 Temporibus
971 2203 1119 2289 ipsorum
1150 2207 1184 2269 ct

141 2313 353 2402 temporibus
369 2316 588 2402 quorumdam
609 2317 753 2382 aliorum
773 2318 829 2403 qui
846 2318 937 2384 inter
951 2319 1036 2386 istos
1050 2319 1184 2384 archie-

141 2431 270 2518 piscopi
296 2431 448 2508 fuerunt,
475 2431 633 2499 videlicet
660 2432 836 2499 Guillermi
862 2433 902 2499 dc
930 2434 1062 2512 Brocia,
1090 2434 1184 2500 Petri

142 2545 183 2611 de
197 2545 390 2615 Gharniaoo
411 2551 445 2615 et
461 2548 556 2616 Petri
576 2548 615 2614 de
635 2549 795 2616 Anisiaco
811 2549 914 2615 abbas
934 2548 1012 2627 duit,
1033 2550 1184 2637 quamvis

141 2666 225 2728 tunc
238 2663 274 2727 in
291 2667 459 2730 conventu
480 2669 596 2732 essent
616 2665 852 2752 quamplurimi
869 2664 1066 2733 sufficientis
1089 2666 1185 2734 litte-

142 2782 274 2858 rature,
296 2780 367 2866 ipse
374 2780 510 2866 juvenis
531 2786 565 2849 ct
583 2802 702 2868 parum
717 2783 890 2850 litteratus
902 2787 1014 2850 tamen
1029 2783 1185 2850 sacerdos
1195 2787 1235 2852 20

142 2899 177 2962 et
189 2894 398 2962 infirmarius
409 2897 509 2984 hujus
521 2899 586 2965 loci
601 2899 727 2966 electus
741 2899 819 2978 fuit,
833 2904 869 2968 et
882 2920 902 2966 a
914 2901 1035 2969 domno
1047 2901 1184 2968 Galtero

144 3012 397 3099 archiepiscopo
410 3032 477 3079 non
486 3012 570 3080 bene
585 3015 819 3082 consenciente
834 3015 876 3082 ad
888 3017 1140 3102 requisitionem
1150 3021 1185 3083 et

144 3146 304 3216 magnam
334 3129 535 3196 instantiam
563 3129 677 3196 domni
705 3130 834 3199 Gilonis
862 3137 943 3199 tunc
980 3132 1183 3200 Sunonensis

145 3244 401 3332 archidyaconi,
415 3250 535 3333 postea
551 3247 804 3335 archiepiscopi,
816 3247 1033 3316 confirmatus
1048 3252 1081 3316 et
1096 3247 1183 3336 apud

144 3361 349 3429 Nailliacum
367 3361 554 3450 pontificali
570 3362 802 3430 benedictione
815 3364 1022 3448 benedictus,
1041 3365 1077 3429 in
1095 3362 1183 3430 desto

146 3483 341 3547 sanctorum
355 3479 511 3546 Gervasii
526 3483 560 3545 et
579 3479 752 3546 Prothasii
775 3483 977 3565 martyrum,
994 3477 1108 3544 eodem
1131 3498 1184 3542 su·

144 3593 298 3679 pradicto
322 3614 425 3675 anno,
442 3596 478 3660 in
500 3595 615 3662 Sancti
636 3595 730 3662 Petri
752 3596 994 3662 monasterium
1015 3596 1180 3681 receptus.

145 3709 269 3776 Eodem
301 3708 356 3775 die
388 3711 592 3798 receptionis
619 3730 691 3788 suc,
714 3710 824 3777 subito
842 3715 963 3778 ventus
984 3710 1183 3783 ,contrarius

145 3824 290 3914 disrupit
300 3831 535 3912 cooperturam
550 3827 657 3894 turris
670 3846 919 3912 campanarum.
932 3828 1093 3913 Tempore
1107 3847 1181 3905 suo,

145 3941 185 4008 de
202 3963 372 4010 consensu
385 3949 569 4012 conventus
581 3942 733 4010 uendidit
748 3963 883 4009 manum
895 3947 1062 4009 mortuam
1074 3943 1183 4009 homi·
1194 3940 1232 4006 30

145 4079 222 4126 num
251 4064 288 4129 et
316 4059 495 4127 muliorum
531 4061 646 4128 Sancti
675 4059 770 4127 Petri
799 4060 877 4128 Vivi
900 4060 936 4127 in
958 4060 1065 4148 burgo
1088 4068 1123 4128 et
1148 4060 1182 4124 in
