<?xml version="1.0" encoding="UTF-8"?>
<!DOCTYPE html PUBLIC "-//W3C//DTD XHTML 1.0 Transitional//EN"
    "http://www.w3.org/TR/xhtml1/DTD/xhtml1-transitional.dtd">
<html xmlns="http://www.w3.org/1999/xhtml" xml:lang="en" lang="en">
 <head>
  <title>
</title>
<meta http-equiv="Content-Type" content="text/html;charset=utf-8" />
  <meta name='ocr-system' content='tesseract 3.04.00' />
  <meta name='ocr-capabilities' content='ocr_page ocr_carea ocr_par ocr_line ocrx_word'/>
</head>
<body>
  <div class='ocr_page' id='page_1' title='image "./lelivredesreliq00jullgoog_0152.png"; bbox 0 0 2790 4792; ppageno 0'>
   <div class='ocr_carea' id='block_1_1' title="bbox 173 397 1299 4108">
    <p class='ocr_par' dir='ltr' id='par_1_1' title="bbox 174 397 1208 1087">
     <span class='ocr_line' id='line_1_1' title="bbox 593 397 788 464; baseline -0.005 -17"><span class='ocrx_word' id='word_1_1' title='bbox 593 429 638 447; x_wconf 93' lang='lat'>..</span> <span class='ocrx_word' id='word_1_2' title='bbox 663 397 726 464; x_wconf 88' lang='lat'>109</span> <span class='ocrx_word' id='word_1_3' title='bbox 749 431 788 446; x_wconf 91' lang='lat'><em>-</em></span> 
     </span>
     <span class='ocr_line' id='line_1_2' title="bbox 175 536 1206 623; baseline -0.003 -20"><span class='ocrx_word' id='word_1_4' title='bbox 175 539 230 605; x_wconf 87' lang='lat' dir='ltr'>illa</span> <span class='ocrx_word' id='word_1_5' title='bbox 259 538 348 605; x_wconf 87' lang='lat' dir='ltr'>dixit</span> <span class='ocrx_word' id='word_1_6' title='bbox 371 537 458 603; x_wconf 91' lang='lat' dir='ltr'>illis:</span> <span class='ocrx_word' id='word_1_7' title='bbox 490 536 603 605; x_wconf 89' lang='lat' dir='ltr'>Nolite</span> <span class='ocrx_word' id='word_1_8' title='bbox 624 536 706 604; x_wconf 88' lang='lat' dir='ltr'>flere</span> <span class='ocrx_word' id='word_1_9' title='bbox 727 556 825 623; x_wconf 89' lang='lat' dir='ltr'>super</span> <span class='ocrx_word' id='word_1_10' title='bbox 848 539 913 614; x_wconf 88' lang='lat' dir='ltr'>me,</span> <span class='ocrx_word' id='word_1_11' title='bbox 944 536 1001 601; x_wconf 94' lang='lat' dir='ltr'>sed</span> <span class='ocrx_word' id='word_1_12' title='bbox 1024 555 1123 622; x_wconf 91' lang='lat' dir='ltr'>super</span> <span class='ocrx_word' id='word_1_13' title='bbox 1147 553 1206 602; x_wconf 90' lang='lat' dir='ltr'>vos</span> 
     </span>
     <span class='ocr_line' id='line_1_3' title="bbox 175 651 1208 740; baseline -0.003 -22"><span class='ocrx_word' id='word_1_14' title='bbox 175 657 262 740; x_wconf 91' lang='lat' dir='ltr'>ipsas</span> <span class='ocrx_word' id='word_1_15' title='bbox 282 654 370 720; x_wconf 88' lang='lat' dir='ltr'>fiete.</span> <span class='ocrx_word' id='word_1_16' title='bbox 388 655 431 720; x_wconf 85' lang='lat' dir='ltr'>Et</span> <span class='ocrx_word' id='word_1_17' title='bbox 443 654 516 740; x_wconf 92' lang='lat' dir='ltr'>ipsa</span> <span class='ocrx_word' id='word_1_18' title='bbox 528 655 623 740; x_wconf 86' lang='lat' dir='ltr'>virgo</span> <span class='ocrx_word' id='word_1_19' title='bbox 636 653 778 720; x_wconf 78' lang='lat' dir='ltr'>canebat</span> <span class='ocrx_word' id='word_1_20' title='bbox 794 654 888 739; x_wconf 85' lang='lat' dir='ltr'>quasi</span> <span class='ocrx_word' id='word_1_21' title='bbox 904 651 946 718; x_wconf 92' lang='lat' dir='ltr'>ad</span> <span class='ocrx_word' id='word_1_22' title='bbox 966 653 1104 738; x_wconf 85' lang='lat' dir='ltr'>nupcias</span> <span class='ocrx_word' id='word_1_23' title='bbox 1119 653 1208 718; x_wconf 92' lang='lat' dir='ltr'>invi-</span> 
     </span>
     <span class='ocr_line' id='line_1_4' title="bbox 174 768 1208 856; baseline -0.005 -19"><span class='ocrx_word' id='word_1_24' title='bbox 174 777 255 837; x_wconf 90' lang='lat' dir='ltr'>tata.</span> <span class='ocrx_word' id='word_1_25' title='bbox 277 773 321 838; x_wconf 85' lang='lat' dir='ltr'>Et</span> <span class='ocrx_word' id='word_1_26' title='bbox 347 791 421 836; x_wconf 88' lang='lat' dir='ltr'>oum</span> <span class='ocrx_word' id='word_1_27' title='bbox 441 772 605 837; x_wconf 80' lang='lat' dir='ltr'>intrasset</span> <span class='ocrx_word' id='word_1_28' title='bbox 620 791 800 848; x_wconf 90' lang='lat' dir='ltr'>carcerem,</span> <span class='ocrx_word' id='word_1_29' title='bbox 823 771 910 856; x_wconf 87' lang='lat' dir='ltr'>oepit</span> <span class='ocrx_word' id='word_1_30' title='bbox 933 769 1077 856; x_wconf 89' lang='lat' dir='ltr'>psallere</span> <span class='ocrx_word' id='word_1_31' title='bbox 1100 773 1134 835; x_wconf 91' lang='lat' dir='ltr'>et</span> <span class='ocrx_word' id='word_1_32' title='bbox 1155 768 1208 833; x_wconf 92' lang='lat' dir='ltr'>di-</span> 
     </span>
     <span class='ocr_line' id='line_1_5' title="bbox 175 884 1207 965; baseline -0.003 -14"><span class='ocrx_word' id='word_1_33' title='bbox 175 907 245 951; x_wconf 89' lang='lat' dir='ltr'>cere</span> <span class='ocrx_word' id='word_1_34' title='bbox 262 909 268 952; x_wconf 94' lang='lat'><strong>:</strong></span> <span class='ocrx_word' id='word_1_35' title='bbox 285 887 416 964; x_wconf 90' lang='lat' dir='ltr'>Jndica,</span> <span class='ocrx_word' id='word_1_36' title='bbox 432 886 582 965; x_wconf 85' lang='lat' dir='ltr'>Domine,</span> <span class='ocrx_word' id='word_1_37' title='bbox 602 892 759 953; x_wconf 81' lang='lat' dir='ltr'>nocentes</span> <span class='ocrx_word' id='word_1_38' title='bbox 780 906 832 950; x_wconf 89' lang='lat' dir='ltr'>me</span> <span class='ocrx_word' id='word_1_39' title='bbox 847 907 854 950; x_wconf 94' lang='lat'><strong>:</strong></span> <span class='ocrx_word' id='word_1_40' title='bbox 871 887 917 949; x_wconf 87' lang='lat' dir='ltr'>Te</span> <span class='ocrx_word' id='word_1_41' title='bbox 932 884 1043 962; x_wconf 82' lang='lat' dir='ltr'>laude,</span> <span class='ocrx_word' id='word_1_42' title='bbox 1070 886 1207 949; x_wconf 87' lang='lat' dir='ltr'>Domine</span> 
     </span>
     <span class='ocr_line' id='line_1_6' title="bbox 175 1000 1090 1087; baseline -0.002 -21"><span class='ocrx_word' id='word_1_43' title='bbox 175 1002 275 1067; x_wconf 88' lang='lat' dir='ltr'>Jhesu</span> <span class='ocrx_word' id='word_1_44' title='bbox 294 1001 440 1079; x_wconf 82' lang='lat' dir='ltr'>Christe,</span> <span class='ocrx_word' id='word_1_45' title='bbox 460 1003 564 1087; x_wconf 89' lang='lat' dir='ltr'>quies</span> <span class='ocrx_word' id='word_1_46' title='bbox 578 1001 772 1068; x_wconf 85' lang='lat' dir='ltr'>benedictus</span> <span class='ocrx_word' id='word_1_47' title='bbox 787 1002 822 1065; x_wconf 94' lang='lat' dir='ltr'>in</span> <span class='ocrx_word' id='word_1_48' title='bbox 840 1000 964 1076; x_wconf 88' lang='lat' dir='ltr'>secula,</span> <span class='ocrx_word' id='word_1_49' title='bbox 981 1020 1090 1065; x_wconf 90' lang='lat' dir='ltr'>amen.</span> 
     </span>
    </p>

    <p class='ocr_par' dir='ltr' id='par_1_2' title="bbox 177 1116 1208 1318">
     <span class='ocr_line' id='line_1_7' title="bbox 215 1116 987 1204; baseline 0 -22"><span class='ocrx_word' id='word_1_50' title='bbox 215 1125 248 1204; x_wconf 64' lang='grc' dir='ltr'>ἢ.</span> <span class='ocrx_word' id='word_1_51' title='bbox 276 1119 305 1182; x_wconf 91' lang='grc' dir='ltr'><strong>Α</strong></span> <span class='ocrx_word' id='word_1_52' title='bbox 329 1118 397 1183; x_wconf 91' lang='lat' dir='ltr'>Deo</span> <span class='ocrx_word' id='word_1_53' title='bbox 413 1116 623 1203; x_wconf 88' lang='lat' dir='ltr'>parentibus.</span> <span class='ocrx_word' id='word_1_54' title='bbox 714 1127 742 1201; x_wconf 73' lang='lat' dir='ltr'>p.</span> <span class='ocrx_word' id='word_1_55' title='bbox 764 1119 848 1183; x_wconf 89' lang='lat' dir='ltr'>Dum</span> <span class='ocrx_word' id='word_1_56' title='bbox 860 1121 987 1184; x_wconf 89' lang='lat' dir='ltr'>tamen.</span> 
     </span>
     <span class='ocr_line' id='line_1_8' title="bbox 177 1233 1208 1318; baseline -0.001 -21"><span class='ocrx_word' id='word_1_57' title='bbox 177 1235 369 1300; x_wconf 72' lang='lat' dir='ltr'>resecando</span> <span class='ocrx_word' id='word_1_58' title='bbox 383 1233 559 1317; x_wconf 79' lang='lat' dir='ltr'>nocturno,</span> <span class='ocrx_word' id='word_1_59' title='bbox 576 1235 762 1318; x_wconf 78' lang='lat' dir='ltr'>antiphona</span> <span class='ocrx_word' id='word_1_60' title='bbox 776 1243 807 1299; x_wconf 87' lang='lat' dir='ltr'>et</span> <span class='ocrx_word' id='word_1_61' title='bbox 819 1239 946 1318; x_wconf 76' lang='lat' dir='ltr'>psalmi</span> <span class='ocrx_word' id='word_1_62' title='bbox 960 1236 999 1300; x_wconf 87' lang='lat' dir='ltr'>de</span> <span class='ocrx_word' id='word_1_63' title='bbox 1018 1235 1208 1317; x_wconf 75' lang='lat' dir='ltr'>Virpina&#39;bas</span> 
     </span>
    </p>

    <p class='ocr_par' dir='ltr' id='par_1_3' title="bbox 216 1350 467 1436">
     <span class='ocr_line' id='line_1_9' title="bbox 216 1350 467 1436; baseline -0.008 -20"><span class='ocrx_word' id='word_1_64' title='bbox 216 1360 245 1432; x_wconf 76' lang='lat' dir='ltr'>p.</span> <span class='ocrx_word' id='word_1_65' title='bbox 268 1350 383 1436; x_wconf 87' lang='lat' dir='ltr'>Specie</span> <span class='ocrx_word' id='word_1_66' title='bbox 398 1353 467 1416; x_wconf 88' lang='lat' dir='ltr'>tua.</span> 
     </span>
    </p>

    <p class='ocr_par' dir='ltr' id='par_1_4' title="bbox 173 1441 1299 4108">
     <span class='ocr_line' id='line_1_10' title="bbox 216 1441 1212 1552; baseline 0 -22"><span class='ocrx_word' id='word_1_67' title='bbox 216 1467 322 1531; x_wconf 78' lang='lat' dir='ltr'>Lectio</span> <span class='ocrx_word' id='word_1_68' title='bbox 341 1469 472 1549; x_wconf 79' lang='lat' dir='ltr'>quinto.</span> <span class='ocrx_word' id='word_1_69' title='bbox 497 1466 742 1532; x_wconf 87' lang='lat' dir='ltr'>Recedentibus</span> <span class='ocrx_word' id='word_1_70' title='bbox 764 1441 989 1548; x_wconf 84' lang='lat' dir='ltr'>carnificibus,</span> <span class='ocrx_word' id='word_1_71' title='bbox 1011 1485 1085 1531; x_wconf 91' lang='lat' dir='ltr'>ecce</span> <span class='ocrx_word' id='word_1_72' title='bbox 1113 1485 1212 1552; x_wconf 85' lang='lat' dir='ltr'>ange·</span> 
     </span>
     <span class='ocr_line' id='line_1_11' title="bbox 174 1580 1259 1668; baseline 0.003 -23"><span class='ocrx_word' id='word_1_73' title='bbox 174 1581 226 1645; x_wconf 90' lang='lat' dir='ltr'>lus</span> <span class='ocrx_word' id='word_1_74' title='bbox 248 1581 380 1647; x_wconf 90' lang='lat' dir='ltr'>Domini</span> <span class='ocrx_word' id='word_1_75' title='bbox 407 1582 571 1668; x_wconf 86' lang='lat' dir='ltr'>Raphael‚</span> <span class='ocrx_word' id='word_1_76' title='bbox 595 1583 691 1667; x_wconf 88' lang='lat' dir='ltr'>quasi</span> <span class='ocrx_word' id='word_1_77' title='bbox 713 1585 834 1648; x_wconf 86' lang='lat' dir='ltr'>ventus</span> <span class='ocrx_word' id='word_1_78' title='bbox 856 1601 957 1658; x_wconf 86' lang='lat' dir='ltr'>urens</span> <span class='ocrx_word' id='word_1_79' title='bbox 971 1580 1115 1658; x_wconf 83' lang='lat' dir='ltr'>ualidus,</span> <span class='ocrx_word' id='word_1_80' title='bbox 1132 1580 1211 1648; x_wconf 90' lang='lat' dir='ltr'>tulit</span> <span class='ocrx_word' id='word_1_81' title='bbox 1224 1594 1259 1657; x_wconf 81' lang='lat'>10</span> 
     </span>
     <span class='ocr_line' id='line_1_12' title="bbox 173 1695 1212 1784; baseline -0.003 -23"><span class='ocrx_word' id='word_1_82' title='bbox 173 1702 305 1783; x_wconf 88' lang='lat' dir='ltr'>petram</span> <span class='ocrx_word' id='word_1_83' title='bbox 322 1697 464 1784; x_wconf 84' lang='lat' dir='ltr'>desuper</span> <span class='ocrx_word' id='word_1_84' title='bbox 487 1717 573 1777; x_wconf 90' lang='lat' dir='ltr'>eam,</span> <span class='ocrx_word' id='word_1_85' title='bbox 600 1703 633 1764; x_wconf 90' lang='lat' dir='ltr'>et</span> <span class='ocrx_word' id='word_1_86' title='bbox 649 1697 772 1762; x_wconf 90' lang='lat' dir='ltr'>ibidem</span> <span class='ocrx_word' id='word_1_87' title='bbox 797 1698 975 1763; x_wconf 90' lang='lat' dir='ltr'>immutata</span> <span class='ocrx_word' id='word_1_88' title='bbox 989 1700 1042 1762; x_wconf 87' lang='lat' dir='ltr'>est</span> <span class='ocrx_word' id='word_1_89' title='bbox 1058 1697 1155 1781; x_wconf 91' lang='lat' dir='ltr'>quasi</span> <span class='ocrx_word' id='word_1_90' title='bbox 1169 1695 1212 1760; x_wconf 89' lang='lat' dir='ltr'>ci-</span> 
     </span>
     <span class='ocr_line' id='line_1_13' title="bbox 176 1812 1212 1900; baseline -0.002 -21"><span class='ocrx_word' id='word_1_91' title='bbox 176 1816 238 1879; x_wconf 90' lang='lat' dir='ltr'>nis.</span> <span class='ocrx_word' id='word_1_92' title='bbox 264 1814 307 1880; x_wconf 85' lang='lat' dir='ltr'>Et</span> <span class='ocrx_word' id='word_1_93' title='bbox 324 1815 398 1900; x_wconf 92' lang='lat' dir='ltr'>ipsa</span> <span class='ocrx_word' id='word_1_94' title='bbox 416 1814 502 1879; x_wconf 87' lang='lat' dir='ltr'>hora</span> <span class='ocrx_word' id='word_1_95' title='bbox 516 1814 610 1880; x_wconf 85' lang='lat' dir='ltr'>salua</span> <span class='ocrx_word' id='word_1_96' title='bbox 625 1812 717 1880; x_wconf 83' lang='lat' dir='ltr'>facta</span> <span class='ocrx_word' id='word_1_97' title='bbox 731 1817 795 1880; x_wconf 90' lang='lat' dir='ltr'>est.</span> <span class='ocrx_word' id='word_1_98' title='bbox 814 1813 934 1880; x_wconf 88' lang='lat' dir='ltr'>Altera</span> <span class='ocrx_word' id='word_1_99' title='bbox 954 1812 1019 1891; x_wconf 91' lang='lat' dir='ltr'>die,</span> <span class='ocrx_word' id='word_1_100' title='bbox 1035 1814 1129 1880; x_wconf 91' lang='lat' dir='ltr'>misit</span> <span class='ocrx_word' id='word_1_101' title='bbox 1150 1833 1212 1878; x_wconf 83' lang='lat' dir='ltr'>rex</span> 
     </span>
     <span class='ocr_line' id='line_1_14' title="bbox 178 1926 1211 2016; baseline 0 -21"><span class='ocrx_word' id='word_1_102' title='bbox 178 1930 217 1995; x_wconf 90' lang='lat' dir='ltr'>ad</span> <span class='ocrx_word' id='word_1_103' title='bbox 237 1949 421 2007; x_wconf 90' lang='lat' dir='ltr'>carcerem,</span> <span class='ocrx_word' id='word_1_104' title='bbox 440 1937 478 1996; x_wconf 86' lang='lat' dir='ltr'>ut</span> <span class='ocrx_word' id='word_1_105' title='bbox 493 1929 623 1996; x_wconf 86' lang='lat' dir='ltr'>videret</span> <span class='ocrx_word' id='word_1_106' title='bbox 636 1930 669 1994; x_wconf 62' lang='lat' dir='ltr'>&#39;si</span> <span class='ocrx_word' id='word_1_107' title='bbox 687 1930 759 2016; x_wconf 88' lang='lat' dir='ltr'>jam</span> <span class='ocrx_word' id='word_1_108' title='bbox 783 1935 917 1996; x_wconf 88' lang='lat' dir='ltr'>mortua</span> <span class='ocrx_word' id='word_1_109' title='bbox 938 1926 1029 1995; x_wconf 88' lang='lat' dir='ltr'>esset</span> <span class='ocrx_word' id='word_1_110' title='bbox 1044 1953 1052 2006; x_wconf 90' lang='lat'>;</span> <span class='ocrx_word' id='word_1_111' title='bbox 1068 1930 1125 1995; x_wconf 90' lang='lat' dir='ltr'>sed</span> <span class='ocrx_word' id='word_1_112' title='bbox 1139 1950 1211 1995; x_wconf 88' lang='lat' dir='ltr'>oar·</span> 
     </span>
     <span class='ocr_line' id='line_1_15' title="bbox 178 2045 1212 2112; baseline 0.001 -3"><span class='ocrx_word' id='word_1_113' title='bbox 178 2045 289 2111; x_wconf 90' lang='lat' dir='ltr'>nifices</span> <span class='ocrx_word' id='word_1_114' title='bbox 310 2047 513 2112; x_wconf 86' lang='lat' dir='ltr'>invenerunt</span> <span class='ocrx_word' id='word_1_115' title='bbox 532 2065 606 2111; x_wconf 90' lang='lat' dir='ltr'>eam</span> <span class='ocrx_word' id='word_1_116' title='bbox 626 2046 756 2111; x_wconf 88' lang='lat' dir='ltr'>illesam</span> <span class='ocrx_word' id='word_1_117' title='bbox 784 2050 819 2112; x_wconf 87' lang='lat' dir='ltr'>et</span> <span class='ocrx_word' id='word_1_118' title='bbox 847 2045 1059 2112; x_wconf 88' lang='lat' dir='ltr'>adduxerunt</span> <span class='ocrx_word' id='word_1_119' title='bbox 1078 2066 1150 2112; x_wconf 91' lang='lat' dir='ltr'>eam</span> <span class='ocrx_word' id='word_1_120' title='bbox 1171 2045 1212 2110; x_wconf 89' lang='lat' dir='ltr'>ad</span> 
     </span>
     <span class='ocr_line' id='line_1_16' title="bbox 178 2159 1214 2248; baseline 0 -22"><span class='ocrx_word' id='word_1_121' title='bbox 178 2182 302 2248; x_wconf 83' lang='lat' dir='ltr'>regem.</span> <span class='ocrx_word' id='word_1_122' title='bbox 319 2163 412 2226; x_wconf 87' lang='lat' dir='ltr'>Tunc</span> <span class='ocrx_word' id='word_1_123' title='bbox 424 2160 512 2228; x_wconf 84' lang='lat' dir='ltr'>dixit</span> <span class='ocrx_word' id='word_1_124' title='bbox 530 2163 560 2226; x_wconf 89' lang='lat' dir='ltr'>ei</span> <span class='ocrx_word' id='word_1_125' title='bbox 578 2180 661 2226; x_wconf 83' lang='lat' dir='ltr'>rex:</span> <span class='ocrx_word' id='word_1_126' title='bbox 683 2161 765 2236; x_wconf 85' lang='lat' dir='ltr'>Quis</span> <span class='ocrx_word' id='word_1_127' title='bbox 787 2163 920 2228; x_wconf 89' lang='lat' dir='ltr'>sanavit</span> <span class='ocrx_word' id='word_1_128' title='bbox 935 2162 1039 2227; x_wconf 89' lang='lat' dir='ltr'>ubera</span> <span class='ocrx_word' id='word_1_129' title='bbox 1051 2159 1134 2228; x_wconf 74' lang='lat' dir='ltr'>tua?</span> <span class='ocrx_word' id='word_1_130' title='bbox 1152 2162 1214 2227; x_wconf 90' lang='lat' dir='ltr'>Vel</span> 
     </span>
     <span class='ocr_line' id='line_1_17' title="bbox 179 2276 1211 2365; baseline -0.001 -23"><span class='ocrx_word' id='word_1_131' title='bbox 179 2280 249 2363; x_wconf 92' lang='lat' dir='ltr'>quis</span> <span class='ocrx_word' id='word_1_132' title='bbox 274 2283 309 2344; x_wconf 89' lang='lat' dir='ltr'>te</span> <span class='ocrx_word' id='word_1_133' title='bbox 334 2277 374 2343; x_wconf 91' lang='lat' dir='ltr'>de</span> <span class='ocrx_word' id='word_1_134' title='bbox 402 2277 513 2363; x_wconf 89' lang='lat' dir='ltr'>lapide</span> <span class='ocrx_word' id='word_1_135' title='bbox 542 2276 713 2344; x_wconf 90' lang='lat' dir='ltr'>liberavit.</span> <span class='ocrx_word' id='word_1_136' title='bbox 737 2277 861 2344; x_wconf 88' lang='lat' dir='ltr'>Sancta</span> <span class='ocrx_word' id='word_1_137' title='bbox 884 2278 990 2365; x_wconf 85' lang='lat' dir='ltr'>Virgo</span> <span class='ocrx_word' id='word_1_138' title='bbox 1011 2276 1211 2362; x_wconf 89' lang='lat' dir='ltr'>respondit:</span> 
     </span>
     <span class='ocr_line' id='line_1_18' title="bbox 179 2392 1214 2480; baseline 0 -23"><span class='ocrx_word' id='word_1_139' title='bbox 179 2393 245 2479; x_wconf 85' lang='lat' dir='ltr'>Ego</span> <span class='ocrx_word' id='word_1_140' title='bbox 260 2392 368 2460; x_wconf 89' lang='lat' dir='ltr'>habeo</span> <span class='ocrx_word' id='word_1_141' title='bbox 386 2392 588 2459; x_wconf 91' lang='lat' dir='ltr'>mammillas</span> <span class='ocrx_word' id='word_1_142' title='bbox 596 2394 753 2480; x_wconf 81' lang='lat' dir='ltr'>&#39;integras</span> <span class='ocrx_word' id='word_1_143' title='bbox 769 2394 861 2459; x_wconf 88' lang='lat' dir='ltr'>intus</span> <span class='ocrx_word' id='word_1_144' title='bbox 875 2395 910 2458; x_wconf 93' lang='lat' dir='ltr'>in</span> <span class='ocrx_word' id='word_1_145' title='bbox 924 2395 1037 2458; x_wconf 88' lang='lat' dir='ltr'>anima</span> <span class='ocrx_word' id='word_1_146' title='bbox 1053 2413 1128 2458; x_wconf 90' lang='lat' dir='ltr'>mea</span> <span class='ocrx_word' id='word_1_147' title='bbox 1140 2392 1214 2479; x_wconf 92' lang='lat' dir='ltr'>plus</span> 
     </span>
     <span class='ocr_line' id='line_1_19' title="bbox 181 2508 1216 2603; baseline 0 -31"><span class='ocrx_word' id='word_1_148' title='bbox 181 2511 346 2595; x_wconf 88' lang='lat' dir='ltr'>speciosas</span> <span class='ocrx_word' id='word_1_149' title='bbox 371 2529 454 2595; x_wconf 92' lang='lat' dir='ltr'>quas</span> <span class='ocrx_word' id='word_1_150' title='bbox 477 2513 556 2576; x_wconf 88' lang='lat' dir='ltr'>ante</span> <span class='ocrx_word' id='word_1_151' title='bbox 585 2508 711 2585; x_wconf 83' lang='lat' dir='ltr'>habni3</span> <span class='ocrx_word' id='word_1_152' title='bbox 732 2510 887 2575; x_wconf 84' lang='lat' dir='ltr'>visitavit</span> <span class='ocrx_word' id='word_1_153' title='bbox 908 2517 961 2603; x_wconf 85' lang='lat' dir='ltr'>me</span> <span class='ocrx_word' id='word_1_154' title='bbox 978 2510 1137 2574; x_wconf 90' lang='lat' dir='ltr'>Dominus</span> <span class='ocrx_word' id='word_1_155' title='bbox 1157 2528 1216 2594; x_wconf 89' lang='lat' dir='ltr'>per</span> 
     </span>
     <span class='ocr_line' id='line_1_20' title="bbox 181 2602 1299 2712; baseline -0.001 -21"><span class='ocrx_word' id='word_1_156' title='bbox 181 2625 333 2712; x_wconf 84' lang='lat' dir='ltr'>angelum</span> <span class='ocrx_word' id='word_1_157' title='bbox 349 2645 458 2702; x_wconf 90' lang='lat' dir='ltr'>snum,</span> <span class='ocrx_word' id='word_1_158' title='bbox 476 2625 532 2709; x_wconf 88' lang='lat' dir='ltr'>qni</span> <span class='ocrx_word' id='word_1_159' title='bbox 543 2625 682 2690; x_wconf 91' lang='lat' dir='ltr'>nimium</span> <span class='ocrx_word' id='word_1_160' title='bbox 698 2624 846 2691; x_wconf 88' lang='lat' dir='ltr'>custodit</span> <span class='ocrx_word' id='word_1_161' title='bbox 855 2602 978 2710; x_wconf 84' lang='lat' dir='ltr'>¹corpus</span> <span class='ocrx_word' id='word_1_162' title='bbox 991 2644 1111 2690; x_wconf 90' lang='lat' dir='ltr'>meum.</span> <span class='ocrx_word' id='word_1_163' title='bbox 1128 2625 1216 2690; x_wconf 91' lang='lat' dir='ltr'>Dicit</span> <span class='ocrx_word' id='word_1_164' title='bbox 1294 2662 1299 2667; x_wconf 91' lang='lat'><em>-</em></span> 
     </span>
     <span class='ocr_line' id='line_1_21' title="bbox 180 2741 1262 2827; baseline 0.003 -21"><span class='ocrx_word' id='word_1_165' title='bbox 180 2744 207 2806; x_wconf 91' lang='lat' dir='ltr'>ei</span> <span class='ocrx_word' id='word_1_166' title='bbox 221 2763 303 2807; x_wconf 82' lang='lat' dir='ltr'>rex:</span> <span class='ocrx_word' id='word_1_167' title='bbox 328 2744 377 2806; x_wconf 87' lang='lat' dir='ltr'>Tu</span> <span class='ocrx_word' id='word_1_168' title='bbox 396 2761 463 2806; x_wconf 92' lang='lat' dir='ltr'>non</span> <span class='ocrx_word' id='word_1_169' title='bbox 485 2741 606 2807; x_wconf 92' lang='lat' dir='ltr'>adoras</span> <span class='ocrx_word' id='word_1_170' title='bbox 636 2741 715 2806; x_wconf 92' lang='lat' dir='ltr'>deos</span> <span class='ocrx_word' id='word_1_171' title='bbox 738 2742 794 2827; x_wconf 90' lang='lat' dir='ltr'>qui</span> <span class='ocrx_word' id='word_1_172' title='bbox 819 2747 854 2808; x_wconf 89' lang='lat' dir='ltr'>te</span> <span class='ocrx_word' id='word_1_173' title='bbox 874 2741 1103 2808; x_wconf 88' lang='lat' dir='ltr'>liberaverunt</span> <span class='ocrx_word' id='word_1_174' title='bbox 1127 2745 1161 2807; x_wconf 87' lang='lat' dir='ltr'>et</span> <span class='ocrx_word' id='word_1_175' title='bbox 1181 2745 1215 2807; x_wconf 87' lang='lat' dir='ltr'>te</span> <span class='ocrx_word' id='word_1_176' title='bbox 1225 2747 1262 2809; x_wconf 73' lang='lat'>20</span> 
     </span>
     <span class='ocr_line' id='line_1_22' title="bbox 183 2855 1216 2943; baseline 0.001 -23"><span class='ocrx_word' id='word_1_177' title='bbox 183 2857 307 2924; x_wconf 88' lang='lat' dir='ltr'>salvam</span> <span class='ocrx_word' id='word_1_178' title='bbox 323 2855 487 2923; x_wconf 86' lang='lat' dir='ltr'>fecerunt.</span> <span class='ocrx_word' id='word_1_179' title='bbox 505 2856 630 2922; x_wconf 85' lang='lat' dir='ltr'>Sancta</span> <span class='ocrx_word' id='word_1_180' title='bbox 643 2857 739 2943; x_wconf 85' lang='lat' dir='ltr'>virgo</span> <span class='ocrx_word' id='word_1_181' title='bbox 756 2857 945 2942; x_wconf 87' lang='lat' dir='ltr'>respondit:</span> <span class='ocrx_word' id='word_1_182' title='bbox 963 2857 1094 2943; x_wconf 89' lang='lat' dir='ltr'>Optime</span> <span class='ocrx_word' id='word_1_183' title='bbox 1107 2857 1216 2942; x_wconf 91' lang='lat' dir='ltr'>impe-</span> 
     </span>
     <span class='ocr_line' id='line_1_23' title="bbox 183 2971 1256 3058; baseline 0.003 -22"><span class='ocrx_word' id='word_1_184' title='bbox 183 2980 286 3051; x_wconf 86' lang='lat' dir='ltr'>rator,</span> <span class='ocrx_word' id='word_1_185' title='bbox 317 2992 419 3058; x_wconf 88' lang='lat' dir='ltr'>quare</span> <span class='ocrx_word' id='word_1_186' title='bbox 439 2992 506 3039; x_wconf 92' lang='lat' dir='ltr'>non</span> <span class='ocrx_word' id='word_1_187' title='bbox 524 2971 693 3038; x_wconf 89' lang='lat' dir='ltr'>erubescis</span> <span class='ocrx_word' id='word_1_188' title='bbox 719 2972 901 3040; x_wconf 87' lang='lat' dir='ltr'>stulticiam</span> <span class='ocrx_word' id='word_1_189' title='bbox 924 2973 1043 3040; x_wconf 71' lang='lat' dir='ltr'>tuam?</span> <span class='ocrx_word' id='word_1_190' title='bbox 1062 2974 1100 3038; x_wconf 93' lang='lat' dir='ltr'>In</span> <span class='ocrx_word' id='word_1_191' title='bbox 1125 2974 1217 3040; x_wconf 85' lang='lat' dir='ltr'>ueri·</span> <span class='ocrx_word' id='word_1_192' title='bbox 1254 3035 1256 3039; x_wconf 79' lang='grc'>,</span> 
     </span>
     <span class='ocr_line' id='line_1_24' title="bbox 183 3087 1216 3174; baseline -0.003 -20"><span class='ocrx_word' id='word_1_193' title='bbox 183 3095 250 3156; x_wconf 88' lang='lat' dir='ltr'>tate</span> <span class='ocrx_word' id='word_1_194' title='bbox 271 3089 344 3154; x_wconf 91' lang='lat' dir='ltr'>dico</span> <span class='ocrx_word' id='word_1_195' title='bbox 357 3088 419 3154; x_wconf 96' lang='lat' dir='ltr'>tibi</span> <span class='ocrx_word' id='word_1_196' title='bbox 436 3088 521 3174; x_wconf 90' lang='lat' dir='ltr'>quod</span> <span class='ocrx_word' id='word_1_197' title='bbox 537 3092 575 3155; x_wconf 90' lang='lat' dir='ltr'>tu</span> <span class='ocrx_word' id='word_1_198' title='bbox 592 3089 731 3153; x_wconf 90' lang='lat' dir='ltr'>insanus</span> <span class='ocrx_word' id='word_1_199' title='bbox 755 3109 803 3153; x_wconf 91' lang='lat' dir='ltr'>es.</span> <span class='ocrx_word' id='word_1_200' title='bbox 826 3090 946 3156; x_wconf 93' lang='lat' dir='ltr'>Nonne</span> <span class='ocrx_word' id='word_1_201' title='bbox 963 3089 1033 3154; x_wconf 84' lang='lat' dir='ltr'>dixi</span> <span class='ocrx_word' id='word_1_202' title='bbox 1052 3088 1114 3156; x_wconf 91' lang='lat' dir='ltr'>tibi</span> <span class='ocrx_word' id='word_1_203' title='bbox 1130 3087 1216 3173; x_wconf 91' lang='lat' dir='ltr'>quod</span> 
     </span>
     <span class='ocr_line' id='line_1_25' title="bbox 185 3203 1218 3290; baseline 0 -22"><span class='ocrx_word' id='word_1_204' title='bbox 185 3204 227 3269; x_wconf 92' lang='lat' dir='ltr'>dii</span> <span class='ocrx_word' id='word_1_205' title='bbox 241 3205 293 3273; x_wconf 89' lang='lat' dir='ltr'>tui</span> <span class='ocrx_word' id='word_1_206' title='bbox 313 3208 392 3271; x_wconf 90' lang='lat' dir='ltr'>sunt</span> <span class='ocrx_word' id='word_1_207' title='bbox 411 3203 504 3269; x_wconf 84' lang='lat' dir='ltr'>surdi</span> <span class='ocrx_word' id='word_1_208' title='bbox 518 3210 552 3270; x_wconf 85' lang='lat' dir='ltr'>et</span> <span class='ocrx_word' id='word_1_209' title='bbox 571 3205 655 3271; x_wconf 90' lang='lat' dir='ltr'>muti</span> <span class='ocrx_word' id='word_1_210' title='bbox 676 3209 711 3270; x_wconf 91' lang='lat' dir='ltr'>et</span> <span class='ocrx_word' id='word_1_211' title='bbox 729 3204 886 3270; x_wconf 88' lang='lat' dir='ltr'>demones</span> <span class='ocrx_word' id='word_1_212' title='bbox 905 3204 1099 3290; x_wconf 85' lang='lat' dir='ltr'>deceptores</span> <span class='ocrx_word' id='word_1_213' title='bbox 1114 3204 1218 3270; x_wconf 90' lang='lat' dir='ltr'>chris-</span> 
     </span>
     <span class='ocr_line' id='line_1_26' title="bbox 184 3317 1218 3406; baseline -0.001 -20"><span class='ocrx_word' id='word_1_214' title='bbox 184 3318 375 3386; x_wconf 69' lang='lat' dir='ltr'>tianorum?</span> <span class='ocrx_word' id='word_1_215' title='bbox 396 3320 439 3385; x_wconf 85' lang='lat' dir='ltr'>Et</span> <span class='ocrx_word' id='word_1_216' title='bbox 458 3323 497 3386; x_wconf 90' lang='lat' dir='ltr'>tn</span> <span class='ocrx_word' id='word_1_217' title='bbox 526 3318 646 3383; x_wconf 88' lang='lat' dir='ltr'>surdus</span> <span class='ocrx_word' id='word_1_218' title='bbox 666 3317 804 3389; x_wconf 88' lang='lat' dir='ltr'>effectus</span> <span class='ocrx_word' id='word_1_219' title='bbox 831 3342 866 3386; x_wconf 93' lang='lat' dir='ltr'>es</span> <span class='ocrx_word' id='word_1_220' title='bbox 897 3325 932 3387; x_wconf 91' lang='lat' dir='ltr'>et</span> <span class='ocrx_word' id='word_1_221' title='bbox 959 3319 1155 3406; x_wconf 89' lang='lat' dir='ltr'>desperatus</span> <span class='ocrx_word' id='word_1_222' title='bbox 1178 3319 1218 3385; x_wconf 93' lang='lat' dir='ltr'>de</span> 
     </span>
     <span class='ocr_line' id='line_1_27' title="bbox 186 3434 1215 3502; baseline 0 -2"><span class='ocrx_word' id='word_1_223' title='bbox 186 3436 240 3500; x_wconf 92' lang='lat' dir='ltr'>Dei</span> <span class='ocrx_word' id='word_1_224' title='bbox 260 3434 502 3501; x_wconf 88' lang='lat' dir='ltr'>misericordia.</span> <span class='ocrx_word' id='word_1_225' title='bbox 520 3436 612 3500; x_wconf 86' lang='lat' dir='ltr'>Tunc</span> <span class='ocrx_word' id='word_1_226' title='bbox 632 3436 741 3501; x_wconf 86' lang='lat' dir='ltr'>iratus</span> <span class='ocrx_word' id='word_1_227' title='bbox 767 3455 829 3501; x_wconf 86' lang='lat' dir='ltr'>rex</span> <span class='ocrx_word' id='word_1_228' title='bbox 851 3435 938 3502; x_wconf 84' lang='lat' dir='ltr'>dixit</span> <span class='ocrx_word' id='word_1_229' title='bbox 961 3436 1003 3501; x_wconf 97' lang='lat' dir='ltr'>ad</span> <span class='ocrx_word' id='word_1_230' title='bbox 1017 3435 1215 3502; x_wconf 85' lang='lat' dir='ltr'>carnifices:</span> 
     </span>
     <span class='ocr_line' id='line_1_28' title="bbox 186 3551 1218 3647; baseline 0.001 -32"><span class='ocrx_word' id='word_1_231' title='bbox 186 3552 363 3618; x_wconf 85' lang='lat' dir='ltr'>Accendite</span> <span class='ocrx_word' id='word_1_232' title='bbox 387 3552 512 3638; x_wconf 85' lang='lat' dir='ltr'>ignem,</span> <span class='ocrx_word' id='word_1_233' title='bbox 528 3555 562 3618; x_wconf 92' lang='lat' dir='ltr'>et</span> <span class='ocrx_word' id='word_1_234' title='bbox 584 3551 698 3636; x_wconf 90' lang='lat' dir='ltr'>ponite</span> <span class='ocrx_word' id='word_1_235' title='bbox 719 3551 876 3647; x_wconf 83' lang='lat' dir='ltr'>cacabum</span> <span class='ocrx_word' id='word_1_236' title='bbox 904 3572 1061 3639; x_wconf 85' lang='lat' dir='ltr'>magnum</span> <span class='ocrx_word' id='word_1_237' title='bbox 1085 3551 1218 3638; x_wconf 90' lang='lat' dir='ltr'>plenum</span> 
     </span>
     <span class='ocr_line' id='line_1_29' title="bbox 187 3667 1218 3757; baseline 0 -23"><span class='ocrx_word' id='word_1_238' title='bbox 187 3690 281 3757; x_wconf 90' lang='lat' dir='ltr'>aqua,</span> <span class='ocrx_word' id='word_1_239' title='bbox 305 3674 340 3736; x_wconf 87' lang='lat' dir='ltr'>et</span> <span class='ocrx_word' id='word_1_240' title='bbox 364 3668 466 3734; x_wconf 87' lang='lat' dir='ltr'>facite</span> <span class='ocrx_word' id='word_1_241' title='bbox 491 3667 622 3734; x_wconf 87' lang='lat' dir='ltr'>fervere</span> <span class='ocrx_word' id='word_1_242' title='bbox 644 3689 719 3734; x_wconf 92' lang='lat' dir='ltr'>eum</span> <span class='ocrx_word' id='word_1_243' title='bbox 749 3673 874 3756; x_wconf 88' lang='lat' dir='ltr'>septem</span> <span class='ocrx_word' id='word_1_244' title='bbox 900 3669 1017 3734; x_wconf 91' lang='lat' dir='ltr'>diebus</span> <span class='ocrx_word' id='word_1_245' title='bbox 1042 3675 1076 3737; x_wconf 94' lang='lat' dir='ltr'>et</span> <span class='ocrx_word' id='word_1_246' title='bbox 1091 3674 1218 3756; x_wconf 91' lang='lat' dir='ltr'>septem</span> 
     </span>
     <span class='ocr_line' id='line_1_30' title="bbox 187 3786 1217 3883; baseline 0.003 -33"><span class='ocrx_word' id='word_1_247' title='bbox 187 3787 349 3883; x_wconf 86' lang='lat' dir='ltr'>noctibus,</span> <span class='ocrx_word' id='word_1_248' title='bbox 367 3792 405 3853; x_wconf 91' lang='lat' dir='ltr'>ut</span> <span class='ocrx_word' id='word_1_249' title='bbox 421 3791 494 3853; x_wconf 87' lang='lat' dir='ltr'>tota</span> <span class='ocrx_word' id='word_1_250' title='bbox 509 3786 631 3851; x_wconf 89' lang='lat' dir='ltr'>ibidem</span> <span class='ocrx_word' id='word_1_251' title='bbox 651 3791 778 3872; x_wconf 87' lang='lat' dir='ltr'>pereat,</span> <span class='ocrx_word' id='word_1_252' title='bbox 799 3794 836 3856; x_wconf 87' lang='lat' dir='ltr'>ut</span> <span class='ocrx_word' id='word_1_253' title='bbox 855 3808 916 3853; x_wconf 93' lang='lat' dir='ltr'>nec</span> <span class='ocrx_word' id='word_1_254' title='bbox 936 3787 1045 3874; x_wconf 87' lang='lat' dir='ltr'>puluis</span> <span class='ocrx_word' id='word_1_255' title='bbox 1063 3788 1217 3854; x_wconf 88' lang='lat' dir='ltr'>invenia-</span> 
     </span>
     <span class='ocr_line' id='line_1_31' title="bbox 187 3900 1269 3990; baseline -0.001 -22"><span class='ocrx_word' id='word_1_256' title='bbox 187 3908 245 3983; x_wconf 39' lang='lat' dir='ltr'>tur,</span> <span class='ocrx_word' id='word_1_257' title='bbox 263 3924 306 3968; x_wconf 81' lang='lat' dir='ltr'>ex</span> <span class='ocrx_word' id='word_1_258' title='bbox 320 3923 372 3968; x_wconf 87' lang='lat' dir='ltr'>ea.</span> <span class='ocrx_word' id='word_1_259' title='bbox 394 3902 437 3968; x_wconf 86' lang='lat' dir='ltr'>Et</span> <span class='ocrx_word' id='word_1_260' title='bbox 460 3900 612 3969; x_wconf 86' lang='lat' dir='ltr'>fecerunt</span> <span class='ocrx_word' id='word_1_261' title='bbox 631 3903 718 3969; x_wconf 90' lang='lat' dir='ltr'>sicut</span> <span class='ocrx_word' id='word_1_262' title='bbox 739 3908 934 3990; x_wconf 87' lang='lat' dir='ltr'>preceperat</span> <span class='ocrx_word' id='word_1_263' title='bbox 950 3924 1021 3970; x_wconf 83' lang='lat' dir='ltr'>rex.</span> <span class='ocrx_word' id='word_1_264' title='bbox 1043 3903 1213 3972; x_wconf 85' lang='lat' dir='ltr'>Calefaoto</span> <span class='ocrx_word' id='word_1_265' title='bbox 1230 3905 1269 3970; x_wconf 87' lang='lat'>30</span> 
     </span>
     <span class='ocr_line' id='line_1_32' title="bbox 191 4017 1221 4108; baseline 0.005 -26"><span class='ocrx_word' id='word_1_266' title='bbox 191 4019 319 4096; x_wconf 88' lang='lat' dir='ltr'>cacab0,</span> <span class='ocrx_word' id='word_1_267' title='bbox 336 4020 373 4095; x_wconf 87' lang='lat' dir='ltr'>in</span> <span class='ocrx_word' id='word_1_268' title='bbox 389 4018 530 4103; x_wconf 89' lang='lat' dir='ltr'>septimo</span> <span class='ocrx_word' id='word_1_269' title='bbox 545 4017 599 4085; x_wconf 90' lang='lat' dir='ltr'>die</span> <span class='ocrx_word' id='word_1_270' title='bbox 614 4019 780 4086; x_wconf 87' lang='lat' dir='ltr'>miserunt</span> <span class='ocrx_word' id='word_1_271' title='bbox 796 4041 869 4086; x_wconf 92' lang='lat' dir='ltr'>eam</span> <span class='ocrx_word' id='word_1_272' title='bbox 884 4021 977 4088; x_wconf 92' lang='lat' dir='ltr'>intus</span> <span class='ocrx_word' id='word_1_273' title='bbox 992 4024 1026 4087; x_wconf 88' lang='lat' dir='ltr'>et</span> <span class='ocrx_word' id='word_1_274' title='bbox 1041 4040 1221 4108; x_wconf 90' lang='lat' dir='ltr'>cooperue-</span> 
     </span>
    </p>
   </div>
   <div class='ocr_carea' id='block_1_2' title="bbox 0 0 1421 4792">
    <p class='ocr_par' dir='ltr' id='par_1_5' title="bbox 0 0 1421 4792">
     <span class='ocr_line' id='line_1_33' title="bbox 0 0 1421 4792; baseline 0 0"><span class='ocrx_word' id='word_1_275' title='bbox 0 0 1421 4792; x_wconf 95' lang='lat' dir='ltr'> </span> 
     </span>
    </p>
   </div>
  </div>
 </body>
</html>
