2782 4786
259 792 436 858 CHARTE
460 793 516 858 DE
539 789 774 859 GEOFFROY
797 790 853 856 DE
877 789 1117 858 MONTIGNY

409 937 495 1006 asni
520 958 563 1004 uu
586 956 976 1034 surus-rmaun-ns-vrr

189 1152 381 1191 coronamur
401 1135 594 1191 n’nuruurrnu
614 1152 650 1191 nr
669 1151 705 1190 na
728 1136 919 1191 shrinnrrou
943 1149 999 1189 uns
1019 1138 1189 1191 vnaarhnus

165 1234 168 1238 ’
205 1250 439 1291 uouvnnnnuaur
460 1237 631 1291 unicornus
652 1250 728 1289 rsus
747 1249 823 1289 naus
842 1249 879 1289 na
897 1249 1007 1288 russin
1026 1247 1172 1289 summurn

389 1351 427 1388 nn
447 1332 574 1389 n'homsn
594 1351 653 1396 oun
672 1349 747 1390 unus
767 1350 803 1389 nn
821 1348 986 1389 uouvnnnn.

381 1477 476 1548 (1277,
495 1476 530 1537 19
547 1477 673 1534 octobre
697 1493 736 1533 on
756 1476 789 1533 31
807 1476 990 1551 decembre.)

200 1618 320 1682 (Original
335 1631 379 1665 sur
394 1618 549 1678 parchemin,
563 1618 682 1665 autrefois
692 1618 766 1666 scelle
779 1631 822 1665 sur
834 1631 928 1678 queues
946 1619 976 1666 de
986 1618 1140 1679 parchemin.
1159 1619 1208 1667 Ar·

170 1710 254 1757 chives
268 1709 297 1756 de
312 1709 426 1766 l'Yonne,
443 1707 615 1767 Bibliotheque
627 1707 656 1754 de
673 1708 744 1769 Sans,
762 1707 832 1765 Har,
846 1715 872 1755 n·
884 1706 919 1770 2.)

204 1843 313 1900 L'abbe
335 1843 479 1916 Geoffroy
503 1841 644 1899 d'accord
666 1857 741 1899 arec
765 1858 820 1898 son
849 1846 981 1898 convent
1003 1839 1109 1897 decide
1132 1858 1205 1916 que,

170 1945 287 2019 chaque
307 1945 404 2000 annea
426 1948 455 1998 et
474 1943 493 1997 a
510 1940 694 2015 perpetuite,
719 1939 748 1997 le
770 1939 875 2014 prieur
897 1937 1067 2012 d‘Andresy
1083 1955 1209 1996 versere

169 2044 252 2115 vingt
265 2042 357 2099 livres
369 2039 480 2114 parisis
494 2045 579 2096 entre
592 2038 637 2095 les
649 2036 749 2093 mains
764 2036 801 2093 de
815 2035 911 2093 l'ahbe
926 2035 963 2091 de
977 2035 1193 2092 saint-Pierre

170 2141 270 2198 lo-Vif
281 2141 342 2215 qui,
360 2143 544 2213 moyeunant
561 2142 639 2194 ootte
657 2136 837 2204 redevanoe,
852 2152 923 2192 sera
946 2141 1019 2192 tenu
1040 2138 1060 2191 a
1082 2134 1205 2193 l'entre·

168 2241 229 2297 tion
247 2244 309 2297 eth
329 2239 359 2294 la
379 2236 554 2311 reparation
573 2235 609 2292 de
634 2240 734 2291 tontes
757 2233 802 2290 les
825 2233 979 2289 verrieres
997 2231 1034 2287 de
1050 2229 1203 2304 l'abbaye,

167 2341 290 2412 excepte
310 2335 402 2394 oelles
429 2334 465 2392 de
486 2333 516 2389 la
537 2337 641 2407 crypta
663 2331 782 2406 quiest
808 2329 907 2387 situee
928 2347 1000 2411 sous
1028 2330 1055 2386 le
1082 2334 1206 2386 maltre-

168 2438 260 2494 autel.

211 2647 386 2713 Universis
400 2649 584 2732 presentes·
596 2645 730 2711 litteras
750 2643 964 2729 inspecturis,
990 2641 1097 2708 frater
1113 2641 1206 2709 Gau-

168 2760 288 2840 iridus‚
315 2762 512 2828 monasterii
527 2757 856 2826 Sancti-Petri-Vivi
880 2757 1084 2824 Senone'nsis
1101 2757 1206 2824 abbas

167 2879 313 2960 humilis,
337 2882 495 2962 totusque
514 2876 662 2964 ejusdem
686 2875 750 2941 loci
775 2878 974 2952 conventus,
1003 2875 1148 2941 salutem
1170 2875 1205 2940 in

168 2996 307 3060 Domino
325 2994 576 3079 sempiternam.

209 3112 261 3177 Ad
276 3112 437 3178 honorem
451 3130 578 3176 summe
594 3114 628 3177 et
643 3108 814 3174 individue
835 3109 1030 3186 Trinitatis,
1051 3109 1205 3175 nolentes

168 3226 272 3294 divini
303 3229 447 3293 nominis
469 3228 595 3293 cultum
616 3226 770 3303 diminui,
810 3225 866 3290 sed
891 3226 1020 3311 augeri,
1049 3225 1206 3291 conside-

168 3347 283 3410 rantes
302 3347 336 3410 et
350 3320 565 3410 attendentes
579 3343 729 3410 redditus
745 3342 898 3410 thesauri
912 3343 1109 3409 monasterii
1124 3362 1206 3419 nos-

167 3460 211 3525 tri
227 3465 346 3526 tenues
370 3480 443 3525 esse
458 3465 492 3527 et
504 3461 538 3525 in
559 3461 675 3527 multis
693 3460 763 3546 pati
788 3456 972 3536 defectum,
990 3458 1204 3525 attendentes

168 3581 268 3645 etiam
288 3579 464 3658 vitrearia,
497 3579 536 3644 de
561 3599 648 3646 novo
665 3579 700 3642 in
720 3578 925 3644 monasterio
957 3579 1074 3642 nostro
1099 3575 1201 3654 facta,

167 3697 237 3758 tam
249 3695 284 3758 in
300 3713 399 3781 opere
415 3697 523 3762 veteri
538 3715 637 3780 quam
648 3695 683 3760 in
695 3715 794 3767 novo,
814 3714 888 3759 esse
901 3694 936 3757 in
953 3693 1203 3759 sustentatione
1309 3732 1318 3755 .

169 3829 228 3875 sua
256 3831 316 3898 per
336 3810 594 3878 diuturnitatem
617 3813 779 3898 temporis
810 3813 1019 3896 sumptuosa,
1046 3807 1087 3873 de
1112 3828 1204 3874 oom—
1309 3836 1316 3855 ·

168 3927 258 3991 muni
282 3947 422 3992 assensu
443 3931 477 3994 et
502 3928 677 3995 voluntate
703 3928 849 3994 omnium
869 3932 1062 3993 nostrorum
1084 3929 1203 3994 statui-

168 4063 251 4126 mus,
266 4045 419 4116 volumus
434 4049 469 4118 et
484 4047 586 4118 etiam
597 4044 792 4119 ordinamus
805 4043 891 4137 quod
903 4045 1074 4136 prioratus
1087 4048 1202 4115 noster
