2782 4786
599 396 795 499 -rss-

179 575 357 658 Merderel,
388 597 412 642 x
441 598 469 642 s.
493 599 541 663 p.,
573 576 623 641 xii
651 575 685 642 d.
716 575 909 653 elemosina,
936 576 986 641 xii
1012 574 1214 662 pulsatores.

209 701 289 748 Abbas
300 714 344 761 pro
356 701 482 752 celeraria.

222 799 255 865 9.
274 801 359 865 -V
374 799 488 864 Yd.—
498 797 662 864 Obieruut
672 794 885 863 Theobaldus
900 796 941 863 de
954 795 1218 883 Servigniacoet

177 933 266 1021 uxor
277 915 362 1001 ejus,
375 934 436 1001 pro
459 913 578 999 quibus
593 911 697 979 habet
714 915 899 979 conuentus
914 912 948 978 ui
966 932 993 976 s.
1005 915 1048 987 t.‚
1059 913 1094 978 ui
1111 910 1145 977 d.
1156 911 1217 976 ele

179 1030 322 1107 mosina‚
339 1030 372 1094 vi
392 1026 425 1093 d.
442 1026 633 1114 pulsatores
650 1046 751 1116 super
762 1027 895 1093 vineam
915 1026 956 1094 de
972 1027 1213 1093 Bello-Monte.

208 1154 328 1202 uetuerrn
345 1137 575 1204 sabinensium.

208 1244 312 1291 Micheel
322 1243 452 1291 lloborrier
463 1241 533 1289 iliis.
547 1245 566 1292 t.

208 1334 313 1380 Glariau
329 1334 360 1378 da
373 1332 514 1379 Chaminos.

224 1431 276 1496 10.
293 1465 338 1479 -—
353 1429 420 1494 IIII
434 1426 501 1493 Yd.
518 1465 562 1476 -
577 1427 693 1496 Sancti
709 1428 900 1494 Laurenoii.
920 1426 982 1493 Ob.

225 1544 277 1609 ll.
295 1581 339 1593 -
355 1543 404 1608 III
417 1542 483 1607 Yd.
545 1616 550 1623 ἱ

224 1659 276 1724 12.
294 1640 386 1721 -'11
405 1655 471 1721 ru.
489 1653 605 1720 -ou

221 1774 272 1841 13.
286 1810 330 1820 -
340 1770 482 1837 Ydibus.
498 1808 541 1817 -
553 1767 613 1834 Ob.
694 1796 698 1803 ·

218 1891 272 1954 14.
287 1925 331 1937 -
342 1887 428 1951 ΧΙΧ
442 1882 615 1950 Kalendas
635 1882 853 1969 Septembris.
872 1920 916 1932 -
930 1881 991 1949 Ob.

221 2005 274 2070 15.
293 2038 336 2048 -
350 2000 467 2067 XVIII
491 1999 569 2065 Kal.
585 1999 837 2086 -Aasumptio
856 1998 955 2065 beate
979 1999 1100 2064 Marie,
1128 1999 1217 2064 Obiit

175 2119 302 2192 Aunes,
326 2114 446 2181 relicta
465 2112 649 2179 Theobaldi
665 2110 833 2190 decuria,
851 2133 912 2199 pro
929 2133 995 2198 qua
1012 2113 1116 2180 habet
1142 2133 1216 2178 con·

173 2237 307 2311 ventus,
325 2249 424 2315 super
442 2229 575 2295 vineam
588 2247 631 2293 au
645 2229 706 2293 xiii
725 2227 929 2307 mardelons,
945 2251 967 2296 v
983 2251 1011 2295 s.
1030 2236 1057 2297 t.

203 2356 314 2413 Babelee,
325 2355 377 2402 fille
393 2354 434 2401 teu
443 2351 577 2409 Reboirier,
593 2350 619 2398 xl
633 2353 657 2399 d.
675 2356 725 2403 t·-
738 2353 823 2399 Petrus
833 2353 858 2400 la
869 2353 935 2400 Geite
947 2366 979 2399 xx
996 2353 1024 2400 d.
1045 2357 1061 2399 l.

203 2447 285 2504 Raou,
296 2445 338 2501 filo
348 2444 417 2490 Petri
429 2445 454 2489 la
464 2443 543 2499 Geite,
559 2453 594 2486 xx
605 2443 631 2487 d.
646 2446 665 2487 t.

216 2539 440 2606 16.-xv11
462 2539 541 2604 Kal.
556 2575 600 2586 -
623 2538 714 2604 Obiit
739 2539 863 2606 Petrus
883 2541 1044 2618 Echelet,
1068 2562 1131 2627 pro
1152 2562 1214 2626 quo

171 2655 273 2722 habet
295 2659 493 2731 conventus
512 2674 612 2739 super
627 2653 761 2719 domum
780 2657 815 2720 in
840 2677 902 2722 rua
922 2657 962 2722 de
988 2657 1171 2735 Morderel,
1195 2679 1216 2722 v

172 2790 199 2834 s.
222 2791 254 2853 p.
273 2770 306 2834 vi
324 2769 358 2836 d.
373 2769 568 2847 elemosina,
586 2770 620 2835 vi
636 2769 669 2834 d.
684 2770 887 2857 pulsatores.

214 2885 299 2950 Item
316 2883 408 2952 Obiit
423 2884 505 2961 Ode,
527 2883 643 2963 abbae,
669 2906 730 2971 pro
755 2906 820 2971 quo
850 2886 948 2954 debet
974 2886 1215 2955 thesaurarius

171 3019 216 3066 xv
235 3021 262 3065 s,
277 3022 323 3085 p.,
344 3000 393 3065 iiii
410 3021 437 3064 e.
455 3001 647 3079 elemosine,
663 3004 712 3067 xii
727 3002 760 3067 d.
781 3002 1023 3088 pulsatoribus,
1041 3024 1127 3089 quos
1143 3024 1214 3090 per-

173 3116 284 3200 cipere
304 3113 403 3180 debet
419 3135 519 3200 super
537 3117 727 3194 Butoarios‚
748 3132 782 3184 et
805 3118 908 3184 abbas
923 3117 1020 3185 debet
1045 3120 1081 3183 in
1105 3119 1216 3185 relec-

173 3232 262 3298 torio
279 3250 340 3318 pro
356 3230 559 3316 pauperibus
573 3231 778 3317 prebendam
798 3234 979 3320 integram.

202 3354 391 3405 Thesaurarius.

219 3455 271 3518 17.
283 3453 415 3519 —XVI
433 3454 511 3519 Kal.
526 3454 641 3520 —Ob.

220 3569 272 3634 18.
287 3568 406 3634 —XV
424 3569 501 3633 Kal.
520 3604 564 3617 -
579 3566 642 3632 Ob.

217 3679 596 3747 19.—XIIIIKal.—
630 3680 722 3749 Obiit
752 3682 946 3758 Hulderius‚
987 3681 1103 3758 abbas,
1153 3701 1213 3767 pro

171 3816 236 3880 quo
249 3795 353 3861 habet
367 3801 564 3869 conventus,
580 3815 680 3881 super
696 3796 780 3861 duas
802 3797 914 3882 pecias
932 3801 1025 3862 terre
1048 3816 1112 3883 que
1138 3795 1214 3861 fue-

172 3917 253 3977 runt
277 3909 413 3976 Girardi
447 3908 522 3974 Rufi
551 3910 592 3975 de
624 3894 758 3992 Aroeis,
792 3932 875 3998 quas
903 3913 991 3978 idem
1024 3914 1127 3980 abbas
1155 3935 1212 3981 ac-

172 4025 313 4113 quisivit
331 4024 417 4116 apud
439 4025 591 4104 Aroeias,
619 4032 656 4094 ut
686 4029 722 4092 in
747 4029 872 4096 litteris
900 4032 991 4098 ouria
1009 4032 1211 4100 senonensis
