2790 4792
632 419 830 484 ..158-

214 565 279 632 fuit
296 559 444 631 defuncti
455 562 559 640 Petri,
577 562 707 640 ciconii,
721 561 803 628 dicti
819 562 860 629 de
876 561 1024 651 Salegui.
1039 565 1084 633 Et
1100 585 1253 651 compor-

212 686 289 749 tant
309 701 344 744 se
363 678 453 744 dicta
472 676 589 743 domus
608 681 642 743 et
656 678 823 763 porprisio
838 683 917 745 ante
932 700 1027 746 secus
1041 681 1134 747 viem
1162 701 1253 747 com·

218 817 363 874 munem,
381 800 415 862 et
429 801 521 861 retro
534 814 628 860 secus
641 795 742 860 aliam
756 796 844 861 viem
859 799 948 861 etex
960 816 1028 862 una
1040 801 1140 882 parte
1161 773 1253 862 secus

214 918 324 979 ortum
335 933 393 976 seu
403 911 603 996 proprisium
617 909 811 987 Theoboldi,
822 912 960 989 sutoris,
975 916 1010 978 et
1022 932 1066 977 ex
1078 913 1190 978 altera
1204 933 1255 976 se·

214 1050 271 1095 cus
285 1033 395 1095 ortum
408 1026 570 1104 Emeline,
595 1024 683 1091 dicte
697 1024 738 1091 de
761 1026 854 1105 Vice,
875 1031 975 1112 prout
1002 1029 1199 1096 continetur
1220 1030 1253 1092 in

216 1146 340 1214 litteris
352 1142 853 1232 prepositureSenonensisetin
863 1143 987 1210 litteris
1000 1145 1093 1237 curie
1104 1143 1255 1212 officialis

219 1261 433 1328 Senonensis.

250 1378 416 1436 Tnecbelduc,
435 1380 515 1436 ector,
533 1376 559 1422 ix
573 1388 593 1421 s.
604 1377 641 1421 cb.
682 1388 684 1399 ·

246 1466 387 1525 Pheliseue,
400 1469 479 1524 sutor,
490 1464 543 1510 xxii
556 1477 585 1520 e„

438 1665 561 1715 GENSUS
584 1663 678 1722 QUEM
703 1662 814 1712 ΗΔΒΕΤ
838 1663 1034 1712 conventos

216 1782 308 1830 APUD
319 1779 766 1829 mnemon-Vlcnoommsnn
789 1778 898 1826 DEBE'I'
921 1778 1031 1826 Ruunt
1055 1778 1095 1827 IN
1110 1778 1255 1827 ΑΒΒΑΤΙΑ

285 1898 341 1945 DIE
362 1898 524 1946 DOMINICA
544 1897 648 1946 INFRA
674 1897 822 1946 OCTABAS
847 1895 1039 1945 EPIPHANIE·
1054 1895 1190 1946 DOMINI.

261 2096 328 2162 Pro
348 2101 442 2162 terra
458 2116 559 2182 prope
575 2095 734 2162 Corveics
750 2095 979 2173 vicecomitis,
997 2094 1047 2159 iiii
1061 2093 1095 2160 d.
1113 2114 1187 2180 par.

250 2211 354 2258 Coretus
366 2212 396 2259 de
410 2208 693 2271 Melleyo-Vioeoomitis.

264 2303 331 2366 Pro
356 2304 449 2368 terna
478 2300 520 2366 ed
544 2301 677 2367 Ulmum
701 2300 741 2366 de
767 2300 935 2378 Conterel,
961 2260 1111 2386 quescit
1141 2299 1255 2365 Felisii

221 2416 393 2503 Campani,
412 2417 472 2481 viii
488 2415 521 2481 d.

262 2534 328 2598 Pro
342 2537 435 2599 terna
451 2531 493 2597 ad
510 2531 635 2598 dictum
655 2532 788 2597 Ulmum
805 2533 840 2597 in
857 2531 986 2597 duobus
1012 2532 1110 2610 lociS,
1132 2533 1157 2596 ii
1178 2532 1210 2597 d.

264 2766 348 2831 Item
371 2786 430 2851 pro
452 2769 644 2831 tenemento
662 2764 812 2832 defuncti
830 2764 967 2830 Milonis
990 2765 1098 2831 Frase
1118 2764 1210 2830 delen
1229 2763 1258 2828 le

225 2880 375 2959 Rimari,
393 2883 442 2946 iii.
459 2880 510 2946 ob.

268 2997 352 3062 Item
367 3018 427 3084 pro
442 3003 535 3064 terra
549 3017 650 3083 super
665 2997 833 3082 Roysiaus
848 2995 906 3084 (1),
929 2997 954 3061 ii
976 2994 1007 3060 d.

265 3114 401 3180 Summa
424 3115 521 3180 xviii.

254 3231 399 3278 Domus-Dei
411 3233 533 3290 posterna.

266 3332 332 3396 Pro
347 3333 445 3396 vinea
465 3329 505 3394 de
520 3329 554 3394 la
568 3331 690 3414 Bneye‚
704 3331 728 3392 i.
750 3328 804 3395 ob.

250 3449 391 3494 Dimidium
403 3447 594 3506 quertierColin
610 3446 724 3502 neuneu
735 3445 858 3492 chcnine
871 3446 984 3493 Hodcere
998 3451 1065 3494 tenet
1073 3450 1142 3505 quod
1154 3449 1203 3504 tuit

254 3537 373 3584 Thiebnut
390 3538 432 3584 des
443 3537 507 3584 Guez
519 3536 599 3583 dictus
613 3535 748 3591 Quarrelez.
767 3535 793 3582 ix
806 3535 845 3582 ob.

266 3629 333 3693 Pro
349 3627 448 3692 vinee
472 3626 537 3692 dou
558 3627 687 3706 Tentne,
705 3625 717 3689 i
733 3623 765 3690 d.

254 3753 337 3799 Petrus
349 3753 480 3801 i‘roncons.

251 3842 356 3890 Tevenot
373 3842 450 3889 Bellot
473 3844 545 3890 tenet.

257 4074 292 4139 (1)
304 4077 408 4134 liciniae,
424 4078 459 4126 ns
473 4080 511 4126 56.
