2782 4786
544 427 722 495 ..95-

108 565 176 640 Qui
192 585 213 630 a
228 570 343 633 sancto
365 566 548 634 Saviniano
573 567 797 654 reprehensus
821 568 930 637 noluit
954 571 1144 637 emendare.

108 681 203 746 Male
216 683 369 750 moritur.
388 683 485 750 Intus
501 683 672 770 sepelitur.

158 799 358 866 Ansrnsms.
378 800 541 887 Hiccepit
557 806 750 867 restaurare
772 803 1013 869 monasterinm
1033 802 1149 871 Sancti

107 915 207 981 Petri
231 915 308 981 vivi
329 917 364 981 in
392 936 456 1002 quo
480 916 629 1004 sepultus
654 915 730 983 fuit.
761 916 801 983 In
824 920 972 985 transitu
997 939 1070 998 suo,
1086 940 1148 986 an-

107 1039 207 1127 gelus
225 1041 381 1131 apparuit
403 1042 511 1108 sorori
540 1062 599 1107 sue
625 1046 659 1109 et
682 1041 882 1110 monialibus
902 1043 1024 1112 Sancte
1045 1046 1146 1125 Fare,

108 1156 161 1220 eis
178 1157 344 1222 nuncians
358 1157 542 1224 transitum
562 1157 647 1245 ejus.

157 1271 307 1340 Ssvrnus
329 1272 364 1361 0.
380 1273 526 1341 Seuinus
540 1279 596 1340 uir
609 1296 732 1359 napne
743 1278 929 1345 nobilitatis
945 1279 1024 1362 suit.
1048 1277 1145 1363 Cepit

105 1396 303 1454 restaurare
325 1395 572 1457 monasterium
593 1401 757 1476 nostrurn,
772 1411 965 1478 preponens
980 1396 1141 1479 abbatem,

104 1513 266 1588 nepotem
307 1525 421 1590 suurn
455 1511 595 1574 nomine
629 1509 852 1576 Ruinarduna.
878 1512 976 1576 Anno
1010 1511 1146 1577 Domini

104 1618 242 1687 DCCCC
264 1621 357 1686 IIII¹¹
374 1633 404 1689 et
421 1623 533 1689 XVIII
545 1626 636 1691 obiit.
662 1625 819 1710 Sepultus
848 1628 916 1711 fuit
939 1631 980 1692 in
1001 1629 1149 1713 capitulo
1162 1635 1197 1699 10

105 1746 236 1803 nostro.

153 1851 406 1921 Lnorflnalcus.
430 1857 527 1923 Anno
545 1857 682 1922 Domini
704 1855 758 1939 M0,
772 1858 991 1935 leothericus,
1010 1859 1148 1940 quihus·

105 1969 190 2032 dani
210 1971 532 2054 contradicentibus,
554 1983 633 2040 hane
649 1974 918 2052 archidiaconus,
941 1976 1076 2057 effectus
1100 1981 1149 2038 est

105 2085 393 2170 archiepiscopus.

157 2199 368 2270 Gnnnumus.
384 2205 482 2271 Arnro
493 2203 680 2271 Dominiht⁰
693 2204 813 2288 XXXII,
833 2205 1017 2272 Gelduinus
1024 2207 1150 2271 arehie

102 2329 265 2409 piscopus
289 2323 423 2404 effeetus
440 2330 488 2387 est
505 2341 576 2387 non
596 2323 745 2406 tepitirna
768 2323 927 2387 electione
948 2323 1006 2387 sea
1025 2340 1151 2387 nune-

105 2441 216 2504 ribus.
231 2437 385 2503 Peractis
399 2441 438 2503 in
453 2438 741 2522 archiepiscopatu
753 2443 857 2504 annis
874 2439 909 2521 Χ,
923 2439 1091 2522 projeetus
1102 2446 1150 2502 est

102 2573 169 2638 per
184 2555 328 2620 Leonem
342 2573 471 2638 paparn
485 2555 523 2620 ae
542 2557 753 2639 pontificatu,
772 2557 994 2640 pandentibus
1012 2558 1098 2622 chero
1118 2563 1150 2620 et

102 2672 242 2754 populo.
271 2669 333 2735 Hie
360 2673 471 2736 rnulta
503 2673 596 2736 nauta
618 2673 698 2755 feeit
719 2673 798 2737 huie
819 2676 1036 2738 monasterio.
1062 2671 1148 2736 Huic

104 2789 265 2852 suecessit
277 2785 512 2865 Memnonias,
529 2790 697 2855 Trecensis
710 2793 893 2874 episeopus,
905 2793 960 2855 vir
970 2789 1148 2855 nudabitis
1159 2796 1199 2861 20

106 2908 150 2968 in
183 2903 351 2970 omnihus.
364 2881 529 2970 'Nutritur
548 2907 618 2989 fuit
644 2909 686 2972 in
712 2909 770 2972 hoc
799 2908 932 2973 cenobio
965 2914 997 2973 at
1029 2908 1149 2973 litteris

107 3019 254 3085 edoctus.
274 3020 381 3086 Filius
394 3023 462 3105 fuit
479 3020 650 3088 Mainardi
666 3024 883 3089 neecornitis.

155 3136 376 3204 Mursianus.
408 3139 507 3203 Anno
529 3138 665 3204 Domini
687 3137 818 3224 MLXH,
846 3140 926 3205 obiit
953 3138 1150 3204 Mainarhn

107 3253 382 3339 archiepiscopus
413 3264 443 3321 et
470 3256 621 3339 sepultus
644 3260 685 3322 in
711 3258 859 3342 capituto
892 3258 985 3339 justa
1014 3264 1149 3341 patrem

107 3388 225 3435 srnrnr.

163 3486 270 3555 Carus
286 3507 382 3553 arnor
395 3506 524 3572 rapina,
538 3493 649 3572 patrie
667 3490 773 3573 decan
798 3509 897 3555 orna
905 3498 1101 3574 parentum,

142 3726 179 3791 (1)
188 3731 209 3776 Α
218 3727 295 3788 partit
306 3727 336 3775 de
346 3727 455 3774 Seoinuo
468 3725 569 3788 iusqu’h
581 3728 645 3789 Gito,
658 3728 695 3776 les
703 3731 773 3776 notos
784 3728 931 3789 historiques
940 3731 984 3775 ont
994 3728 1031 3774 tto
1042 3727 1150 3786 ajoutses

108 3829 157 3878 par
169 3829 220 3865 unc
235 3816 306 3863 main
324 3815 353 3862 de
369 3815 395 3864 la
404 3815 439 3863 fin
448 3816 484 3865 du
492 3822 550 3865 xm·
562 3815 637 3864 siboto
650 3829 698 3876 pou
710 3817 780 3877 apros
792 3830 839 3877 que
854 3817 876 3864 to
887 3819 949 3865 iaxta
965 3817 999 3862 du
1010 3815 1150 3863 manuscrit

110 3903 180 3955 avait
191 3906 228 3953 eth
237 3905 305 3953 ecrit.
324 3905 369 3953 Ces
384 3909 454 3954 notos
469 3910 525 3954 sont
539 3907 569 3954 do
578 3906 602 3954 la
615 3906 695 3955 mame
706 3908 811 3955 scritura
825 3919 875 3967 quo
885 3906 920 3954 las
932 3906 1079 3953 concutiens
1095 3903 1151 3964 dsju

110 3993 245 4054 signatius.
254 3996 320 4043 Nous
329 3995 365 4043 los
379 3994 526 4057 imprimons
541 4009 573 4045 cn
585 3992 710 4057 inflamus.
719 3997 740 4044 11
750 4001 786 4045 cst
797 3995 905 4056 possins
917 3994 1020 4055 qu’ollos
1029 3995 1110 4043 soient
1119 3992 1150 4040 ds

110 4084 137 4132 lu
146 4083 216 4131 main
233 4085 264 4132 ds
285 4085 398 4147 (ieoffroy
413 4086 448 4134 ds
460 4084 575 4136 Gamlon.
