2790 4792
591 463 789 532 -259-

217 613 260 681 Et
273 612 353 680 adue
370 632 433 700 que
447 607 570 699 yceulx
582 612 718 680 traietie
736 615 770 679 et
787 606 907 677 accord
926 612 960 677 ei
978 627 1211 676 convenenees

173 749 215 815 cy
238 727 391 794 dessusd.
414 730 525 816 etqui
554 729 669 816 pluse
696 729 789 816 plain
813 731 929 795 serunt
957 726 1127 814 speciflees
1153 747 1215 814 par
1333 756 1340 779 ι

170 842 292 908 lettres
306 842 362 927 qui
383 839 423 906 de
449 861 485 909 ee
516 845 631 908 sereni
652 839 785 924 salutes,
808 844 931 927 soyent
950 843 985 907 et
1004 839 1216 907 demorente

172 957 345 1042 tousJ'ours
361 955 483 1023 fermes
494 961 527 1024 et
540 957 699 1036 estableS,
715 977 795 1023 sans
806 955 1000 1023 enfraindre
1013 975 1055 1023 ou
1071 975 1217 1023 corrom-

174 1092 235 1157 pre
263 1091 303 1137 en
329 1093 457 1139 aucune
486 1074 636 1139 muniere
661 1093 724 1160 par
747 1093 832 1139 nous
852 1093 894 1138 ou
913 1092 1022 1138 aucun
1048 1071 1089 1138 de
1114 1091 1212 1150 nous,
1331 1084 1333 1091 ’

177 1209 276 1267 nous,
295 1188 396 1254 abbez
413 1194 447 1256 et
467 1209 612 1256 couneus
631 1189 748 1256 dessus
763 1209 924 1268 nommez,
942 1207 1046 1255 avons
1055 1188 1134 1276 jure
1148 1207 1216 1254 aux

174 1307 267 1371 seins
298 1306 504 1393 evrangilles
529 1305 570 1372 de
599 1306 682 1373 Dieu
706 1310 740 1373 et
768 1305 860 1372 suulz
901 1304 932 1372 le
954 1325 1019 1372 veu
1048 1303 1088 1370 de
1117 1309 1216 1372 notre

174 1422 317 1509 religion
334 1427 368 1490 et
384 1420 401 1487 u
415 1423 514 1509 paine
528 1420 569 1489 de
584 1423 675 1488 mille
692 1423 795 1490 liures
811 1423 935 1508 parisis
951 1424 972 1487 e
996 1421 1171 1508 appliquer
1183 1421 1216 1488 le

174 1539 292 1605 muitie
312 1557 354 1604 au
372 1558 435 1624 roy
455 1544 551 1605 notre
573 1540 640 1605 sire
662 1544 697 1607 et
713 1539 747 1605 la
764 1539 917 1606 moiliee
942 1539 1053 1625 partie
1070 1536 1214 1616 blessee,

175 1658 250 1722 tout
274 1646 314 1720 ce.
337 1655 392 1741 qui
416 1654 466 1722 dit
495 1659 548 1722 est
574 1655 633 1721 des
654 1656 868 1723 maintenant
892 1654 1103 1742 etousjeurs
1127 1654 1218 1721 tenir

177 1770 283 1836 ferme
319 1774 353 1837 et
388 1772 483 1837 avoir
512 1772 683 1859 agreable,
718 1792 797 1838 sans
828 1772 1055 1838 contrevenir.
1088 1769 1217 1856 quuel

176 1887 315 1954 traietie
343 1885 484 1966 faisant,
505 1889 633 1955 estions
655 1890 795 1975 presens
810 1906 907 1966 neus
930 1885 1114 1964 Guiehard,
1132 1884 1216 1952 abbe

178 2003 218 2069 de
235 2002 559 2082 Semele-Columbo,
575 2009 610 2071 et
622 2003 761 2082 Olivier,
774 2003 857 2070 abbe
870 2003 910 2068 de
925 2001 1218 2070 Samot-Pere-le-

177 2118 239 2186 Vif
257 2119 426 2199 dessusd.,
456 2119 544 2186 frere
566 2120 641 2207 Guy
658 2121 823 2199 Boucher‚
851 2096 965 2207 prieur
989 2119 1034 2185 du
1063 2119 1213 2199 eluistre,

179 2234 268 2301 frere
296 2237 457 2302 Estienne
484 2236 524 2302 de
551 2236 778 2316 Semel-PreS,
801 2237 1021 2304 enfirmieret
1037 2236 1152 2322 prieur
1178 2234 1219 2301 de
1291 2215 1294 2219 ¹

178 2351 282 2430 Gron,
309 2351 397 2417 frere
415 2353 575 2420 Eslienne
591 2353 622 2419 le
639 2353 796 2430 Lorrain,
823 2354 975 2432 celerier‚
994 2351 1085 2418 frere
1100 2351 1219 2418 Nicole

178 2467 373 2547 Chaumnut,
403 2469 601 2548 tresourier,
632 2468 720 2535 frere
749 2469 1040 2546 JehanToiseleu,
1061 2468 1215 2546 chantre,

178 2589 253 2651 tous
269 2584 434 2671 religieux
448 2584 488 2650 de
501 2585 568 2651 lad.
584 2586 689 2674 eglise
702 2585 742 2651 de
756 2585 1074 2664 Sainete·Colombe,
1087 2582 1219 2652 etfrere

177 2699 365 2765 Guilleume
390 2699 430 2766 de
458 2702 560 2787 Brey,
588 2703 702 2789 prieur
727 2703 768 2768 de
791 2703 841 2768 Le
865 2701 1036 2789 Chapelle,
1070 2698 1219 2768 membre

179 2813 308 2882 d’ieelle
323 2817 444 2903 eglise,
468 2822 503 2884 et
521 2817 611 2884 frere
632 2819 822 2885 Guillaume
835 2819 869 2884 le
892 2819 1027 2902 Pointu,
1046 2818 1161 2905 prieur
1176 2816 1220 2882 du

179 2934 328 3011 cloistre,
344 2933 432 2999 frere
448 2934 556 2999 Jehan
572 2935 602 3000 le
615 2935 768 3014 Maistre,
790 2937 904 3022 prieur
919 2936 959 3002 de
977 2936 1102 3021 Riuey,
1113 2953 1220 3023 rueru-
1243 2957 1246 2961 ²

178 3051 237 3118 bre
264 3050 394 3115 d'ieelle
412 3050 528 3137 eglise,
549 3049 637 3116 frere
653 3052 770 3117 Pierre
788 3053 906 3130 Fouel,
929 3051 1111 3129 eufirmier,
1131 3048 1221 3115 frere

180 3167 369 3234 Guilleume
400 3165 589 3253 Dableiges,
605 3167 809 3247 ausmonier,
825 3172 859 3235 ee
888 3166 977 3233 frere
992 3152 1152 3232 Thibeul't
1174 3163 1220 3229 du

181 3286 284 3369 Boys,
302 3283 450 3369 prevost,
470 3288 546 3350 tous
563 3283 729 3370 religieux
755 3282 884 3349 d'ieelle
903 3283 1008 3370 eglise
1034 3281 1074 3347 de
1093 3280 1222 3347 Sainct·

181 3400 278 3465 Pere.
619 3380 621 3386 ¹

225 3517 275 3581 En
288 3516 439 3602 temoing
450 3515 490 3582 de
507 3535 557 3591 ce,
576 3536 674 3594 nous,
690 3515 793 3581 abbez
806 3519 840 3582 et
855 3515 987 3602 prieurs
998 3514 1056 3580 des
1073 3513 1221 3598 abbayes

182 3631 351 3711 dessusd.,
383 3631 427 3696 du
463 3636 717 3699 consenlement
746 3631 804 3696 des
844 3631 1009 3718 religieux
1042 3629 1222 3717 cy-dessus

182 3768 346 3827 nomnen,
366 3768 471 3815 avons
497 3750 592 3835 signe
612 3768 648 3814 ee
673 3749 811 3834 present
832 3747 979 3830 lraictie,
1008 3746 1039 3812 le
1070 3745 1152 3812 xxvi
1180 3743 1222 3811 de

183 3860 308 3929 levrier
321 3864 384 3928 iiiic
404 3863 465 3929 liii.

251 4087 305 4153 Sic
325 4089 495 4177 signalum
517 4109 525 4155 t
