2790 4792
669 416 778 480 -.18
801 450 845 466 -

235 553 380 639 Spiritus
392 553 515 620 divinis
535 555 571 619 in
583 552 737 619 laudibus
758 557 987 640 expectarent.
1002 552 1174 619 Iohannes
1193 574 1274 619 uero

235 666 276 732 ab
291 670 472 735 eternitate
489 668 592 733 Verbi
606 668 665 733 Dei
680 688 739 752 per
759 667 845 752 quod
867 667 957 734 facta
980 672 1059 734 sunt
1079 670 1192 734 omnia
1214 691 1273 734 su-

234 804 341 862 menS,
362 789 396 850 et
409 785 480 869 ipse
496 804 599 868 usque
614 783 657 848 ad
680 787 811 869 tempus
824 784 994 849 Dominice
1008 786 1272 851 resurrectionis

233 899 517 986 euvangelizando
532 900 708 985 pertingit.
729 900 866 966 Reverti
882 898 1044 985 siquidem
1059 899 1214 966 desidero
1229 899 1291 980 ad,

106 1022 114 1038 ·'
233 1017 432 1100 promissam
445 1020 638 1082 nostrarum
651 1015 870 1099 reliquiarum
883 1016 1003 1081 seriem
1018 1014 1270 1084 declarandam.

552 1265 596 1312 nn
617 1265 708 1312 PANE
731 1265 817 1312 CENE
841 1264 963 1313 DOMINI

279 1475 464 1541 Secundum
493 1477 680 1554 Matheum,
709 1475 796 1542 dixit
824 1476 947 1541 ihesus
968 1476 1141 1562 discipulis
1172 1448 1270 1540 suis:

235 1592 287 1657 Ite
309 1592 344 1655 in
365 1591 537 1658 civitatem
558 1591 600 1656 ad
622 1590 797 1676 quemdam
822 1595 856 1658 et
883 1590 984 1657 dicite
1011 1593 1041 1655 ei
1071 1613 1078 1657 :
1107 1591 1275 1677 Magister

235 1706 317 1774 dicit
342 1710 509 1794 :Tempus
528 1728 638 1774 meum
659 1727 761 1793 prope
786 1711 851 1784 est,
876 1706 963 1792 apud
981 1712 1015 1773 te
1039 1705 1126 1774 facio
1146 1708 1276 1793 pascha

189 1802 309 1900 1ocum
326 1824 499 1911 discipulis
519 1824 615 1890 meis.
634 1824 677 1889 Et
692 1821 845 1889 fecerunt
859 1821 1013 1909 discipuli
1035 1824 1122 1890 sicut
1145 1825 1277 1890 consti·
1309 1850 1313 1856 ·

97 2007 100 2013 ,
234 1917 302 2006 tuit
313 1941 361 2006 eis
377 1919 511 2018 ihesus,
538 1945 573 2034 et
591 1943 797 2026 paraverunt
821 1939 958 2024 pascha.
983 1938 1189 2005 Conantibus
1212 1959 1278 2003 au-

235 2061 303 2121 tem
326 2057 375 2121 eis
402 2057 530 2143 accepit
559 2056 682 2121 ihesus
708 2063 828 2141 panem
853 2061 888 2122 et
914 2054 1086 2143 benedixit
1112 2053 1278 2140 etfregit

235 2170 392 2257 deditque
418 2171 591 2257 discipulis
608 2173 690 2237 suis.
725 2171 771 2235 De
788 2170 846 2235 illo
863 2186 962 2236 sacro·
974 2191 1060 2256 pane
1081 2172 1116 2235 in
1137 2171 1197 2235 illa
1218 2190 1279 2236 sa·

236 2288 428 2352 cratissima
454 2307 536 2352 cena
561 2291 635 2352 tam
657 2285 757 2371 digne
775 2283 951 2351 benedicto
972 2284 1148 2351 habemus.
1175 2286 1279 2352 Anno

235 2423 314 2469 vero
334 2404 376 2469 ab
394 2404 628 2469 incarnatione
651 2401 780 2469 Christi
800 2402 848 2467 Μο
872 2402 1090 2488 nonagesimo
1106 2403 1224 2486 quinto
1241 2404 1280 2466 in

234 2520 459 2586 translatione
503 2520 623 2605 capitis
653 2517 744 2584 beati
772 2517 947 2603 Gregorii,
990 2537 1091 2603 pape,
1131 2537 1152 2602 a
1189 2517 1281 2584 bone

235 2636 393 2700 memorie
409 2635 579 2712 Richerio,
598 2634 784 2699 Senonensi
797 2633 1060 2719 archiepiscopo,
1076 2631 1178 2712 facta,
1196 2629 1282 2718 pre-

236 2741 345 2815 dictus
376 2754 512 2816 sanctus
543 2750 641 2834 panis
665 2750 700 2814 in
729 2749 873 2833 quodam
904 2749 1028 2813 scrinio
1055 2753 1218 2833 argenteo
1243 2753 1282 2815 et

236 2887 339 2932 aureo
357 2885 431 2931 cum
453 2867 529 2930 aliis
544 2866 707 2951 reliqniis,
727 2865 910 2931 ordinatim
926 2864 1107 2931 secundum
1123 2868 1281 2931 nostram

189 2962 227 3056 20
237 2983 398 3049 letaniam
432 2981 661 3058 declarandis,
695 2983 853 3048 inventus
886 2980 951 3047 fnit
985 3001 1059 3046 cum
1089 2966 1283 3066 superscri-

236 3098 407 3184 ptionibus
433 3097 552 3183 quibus
578 3096 660 3162 fides
679 3103 753 3163 erat
774 3098 906 3183 plenius
931 3095 1132 3187 adhibenda.
1150 3096 1282 3161 Postea

236 3233 317 3280 vero
335 3233 394 3299 per
413 3211 498 3278 bone
517 3213 676 3278 memorie
696 3213 797 3298 hujus
815 3213 880 3277 lori
902 3213 1097 3298 religiosum
1121 3209 1281 3276 abbatem

237 3327 436 3394 (lanfridum
457 3330 601 3414 primum
625 3327 836 3395 intabulatns
867 3326 932 3393 fuit
962 3329 997 3392 in
1026 3346 1131 3413 parva
1160 3325 1283 3392 tabula

238 3448 449 3545 argenteaet
462 3420 652 3511 cristallina
677 3450 714 3510 ut
729 3443 870 3529 populus
893 3441 1047 3526 fidelibus
1065 3439 1281 3508 ostendatur.

466 3726 468 3729 -
598 3695 641 3742 DE
666 3693 775 3743 ORUOE
798 3694 921 3742 DOMINI

219 3970 224 3977 .
284 3907 425 3997 Legitur
440 3893 474 3974 in
491 3907 635 3994 quodam
649 3907 736 3972 libro
751 3907 807 3992 qui
825 3905 1067 3993 Euvangelium
1082 3904 1287 3974 Nichodemi

241 4028 436 4094 nominatur
450 4026 554 4112 quod,
568 4045 643 4091 oum
657 4023 765 4090 Adam
778 4023 906 4110 primus
921 4021 1021 4088 homo
1036 4020 1285 4109 infirmaretur,
