2790 4792
590 424 723 491 -205
746 459 789 476 -

212 569 280 633 Pro
296 566 476 652 Stephana,
496 584 601 631 uxone
617 566 734 632 militis
749 565 900 641 Homini,
916 585 937 630 v
951 584 978 630 s.

198 683 291 741 Popine
308 680 316 742 (
334 681 350 741 ).
942 679 944 683 ’

212 774 280 837 Pro
296 773 448 858 Hugone,
466 770 650 856 proposito,
668 773 702 837 et
721 767 918 845 Patromilla,
943 787 966 831 x
981 785 1007 834 s.
1025 787 1060 852 p.
1141 804 1145 813 ι

200 886 292 932 Relicta
306 887 332 933 F.
350 884 539 945 Archiapiscnpi,
552 897 568 929 v
586 896 606 931 s.
620 884 660 930 iiii
676 884 701 931 d.

200 973 360 1031 Theobaldus,
379 972 398 1020 li
411 972 537 1033 Bargoinz,
554 973 591 1019 vii
606 985 628 1022 s.
643 971 680 1020 iii.
693 985 718 1032 p.

211 1065 278 1128 Pro
294 1062 446 1128 Emelina
461 1061 500 1127 de
515 1061 742 1148 Servigniaco,
757 1060 794 1126 iii
809 1078 835 1126 s.
851 1081 884 1146 p.

200 1179 292 1226 Relicta
307 1177 358 1225 Ade
373 1176 433 1225 Piat.
670 1167 672 1171 ’

214 1268 280 1332 Pro
296 1265 486 1342 Guillalmo,
513 1263 712 1350 presbiter0‚
734 1264 783 1330 xii
800 1263 833 1328 d.

200 1380 358 1442 Laurancius,
372 1379 392 1427 li
404 1379 500 1427 Boiieus
515 1377 558 1443 (2).

212 1471 279 1534 Pro
299 1469 450 1536 Garnero
466 1467 633 1552 Rossigno
654 1472 689 1532 et
707 1466 831 1550 Tyecia
848 1466 871 1530 ii
888 1485 915 1531 s,
932 1486 965 1551 p.

200 1587 227 1632 ln
244 1565 336 1632 dubio.2
427 1583 436 1589 ”

345 1647 496 1737 'summa
509 1675 637 1735 menn
649 1675 687 1734 m·
700 1671 728 1735 n
745 1673 867 1734 anans.
884 1674 912 1734 n·
924 1669 957 1748 a.
974 1668 1023 1756 (3)

352 1896 379 1990 (Ψὲ

342 2002 589 2082 mannaan
612 2020 723 2068 mnam
748 2021 822 2070 nms
845 2021 931 2071 xxxi

213 2199 243 2262 i.
259 2233 303 2244 —
318 2165 489 2263 Kalendis.
500 2232 543 2247 -
556 2197 700 2284 Remigii
714 2198 928 2267 confessoris.
939 2198 1030 2267 Obiit
1045 2199 1206 2288 Regnan-

171 2310 229 2376 dus
246 2300 400 2398 Dyaboli,
425 2331 488 2399 pro
511 2331 575 2397 quo
599 2310 909 2383 habet'conventus
930 2334 1030 2401 super
1040 2314 1204 2420 decimam

171 2425 208 2491 de
223 2426 371 2492 Ermolio
395 2425 444 2490 xii
466 2446 493 2491 s,

201 2541 342 2588 Conventus
355 2517 429 2588 tanet}

213 2630 285 2696 Ista
303 2629 488 2708 manahen
500 2636 698 2711 conventus,
721 2631 968 2719 supar'domum,
981 2581 1146 2718 lapideam
1161 2631 1203 2704 ad

172 2748 301 2828 portam
315 2743 431 2812 Sancti
445 2746 580 2826 Leonis,
598 2767 671 2813 xxx
684 2767 711 2812 s.
728 2751 755 2813 t.

202 2857 299 2906 Golatus
310 2857 415 2906 Fillons.
505 2912 509 2916 Α

215 2945 300 3011 Item
312 2966 374 3033 pro
386 2947 484 3014 domo
499 2953 683 3017 conventus
703 2953 782 3017 ante
794 2954 931 3037 puteum
947 2951 1057 3036 platee
1071 2949 1206 3025 Sancti·
1247 2988 1249 2992 -

174 3059 265 3128 Petri
278 3082 302 3127 x
317 3081 343 3127 s.
359 3081 432 3149 par.
450 3066 486 3129 nl
498 3065 704 3132 nlohannes
719 3067 758 3129 de
774 3066 914 3132 Enniano
926 3066 971 3131 nd
985 3068 1108 3150 fesium
1126 3065 1205 3132 Om-
1268 3107 1269 3111 =

174 3177 506 3246 nium-Somniorum.

203 3293 286 3341 Petrus
300 3293 433 3342 Avunculi.

216 3382 302 3449 Item
320 3387 505 3452 conventus
519 3382 621 3450 habet
639 3386 673 3450 in
689 3385 954 3472 Pargamenaria
968 3389 1040 3453 tres
1056 3403 1207 3452 cameras

176 3500 208 3562 at
235 3517 336 3564 unam
356 3499 529 3565 minimam
555 3499 735 3586 dequibus
759 3499 899 3568 debetur
923 3501 991 3567 ista
1014 3499 1067 3568 die
1087 3505 1209 3587 quarta

176 3629 252 3694 pars
272 3612 489 3693 locationum,
512 3634 557 3680 nn
573 3635 600 3681 s.

204 3864 238 3927 (1)
253 3868 363 3921 Μὶειάε
378 3871 408 3914 de
418 3866 544 3926 chiniaco.
563 3869 597 3915 Ms
611 3870 648 3917 56.

208 3954 241 4016 (2)
258 3958 288 4005 G.
303 3957 428 4006 Tonelier.
442 3956 478 4005 Ms
493 3959 531 4004 56.
576 3959 581 3964 ”

207 4042 240 4105 (3)
252 4044 284 4092 La
299 4045 356 4093 total
368 4046 403 4094 du
414 4047 478 4094 mois
490 4045 643 4106 ponamin
654 4045 746 4093 inest-z
762 4058 779 4091 x
794 4045 817 4092 lb
831 4045 875 4092 xix
888 4055 909 4091 a.
921 4043 947 4091 ix
960 4045 987 4091 d.
1001 4047 1041 4092 nb.
