2790 4792
560 424 755 491 -113-

175 567 226 630 Ad
240 569 385 631 cantico.
400 565 607 649 Antiphone.
628 566 749 632 Divina
766 564 908 632 fructus.

168 681 361 747 Canticum.
388 679 511 748 Audite
528 698 592 746 me.

170 801 278 864 Lectio.
306 818 409 864 nonu.
438 799 531 863 Tunc
562 797 779 863 adduxerunt
807 796 989 863 draconem
1020 796 1170 863 vinctum

124 915 282 981 cathenis
304 922 443 1001 septem,
474 918 508 982 et
527 915 661 1000 aperuit
688 913 792 980 draco
813 933 976 993 ossuum,
998 917 1037 980 ut
1055 911 1176 999 deglu-

126 1033 211 1098 tiret
226 1035 389 1098 sanctam.
405 1032 529 1098 Sancta
542 1049 622 1096 vero
638 1028 719 1098 fecit
733 1032 865 1117 signum
878 1029 988 1096 crucis
1005 1048 1106 1115 super
1123 1049 1171 1106 se,

126 1147 264 1213 dicens:
292 1146 356 1213 Ubi
370 1151 423 1215 est
441 1146 582 1233 angelus
607 1146 771 1232 Raphael,
791 1147 847 1233 qni
864 1150 978 1212 custos
992 1152 1045 1213 est
1064 1143 1173 1211 mihil

126 1267 171 1332 Et
185 1266 300 1331 statim
315 1264 469 1352 angelus,
485 1265 582 1349 quusi
595 1263 701 1330 nubes
716 1262 839 1339 lucida,
857 1262 1069 1330 obumbravit
1084 1280 1171 1328 eam.

127 1381 222 1446 'l'uuc
244 1379 341 1466 virgo
361 1379 473 1466 posuit
496 1378 611 1465 pedem
633 1397 728 1443 suum
758 1378 914 1444 dextrum
943 1396 1044 1464 snper
1068 1375 1174 1463 capud

128 1497 213 1584 ejus.
243 1495 366 1564 Statim
389 1497 478 1582 cepit
501 1495 648 1562 clamare
668 1495 771 1561 draco
795 1501 829 1562 et
844 1495 979 1561 dicere:
1003 1494 1054 1560 Ve
1069 1491 1172 1559 mihi!

127 1609 209 1698 qnid
227 1631 279 1676 me
295 1616 428 1678 coarcat
450 1611 512 1677 hec
528 1610 675 1676 mulieri
694 1611 848 1698 Amplius
867 1611 1004 1698 gravior
1020 1614 1073 1678 est
1085 1608 1170 1675 mihi
1190 1591 1226 1663 ¹1⁰

128 1748 231 1815 super
245 1729 407 1795 cervicem
424 1747 532 1794 meam
548 1747 647 1814 quam
668 1728 697 1793 si
723 1726 870 1794 fuissent
884 1727 996 1794 decem
1011 1727 1106 1793 milia
1121 1727 1175 1794 vi·

128 1864 256 1910 rorum.
276 1843 346 1910 Neo
364 1844 439 1930 plus
456 1842 640 1910 doluissem
667 1863 765 1930 quam
788 1845 817 1910 si
836 1863 903 1909 una
921 1843 1043 1910 mulier
1058 1841 1176 1930 subju-

127 1964 246 2048 gasset
265 1979 318 2024 me
333 1959 393 2026 sub
403 1958 542 2046 pedibus
558 1961 638 2026 suis.
661 1962 756 2026 Tunc
772 1980 846 2026 cum
864 1959 1007 2028 vidisset
1020 1979 1083 2026 rex
1096 1959 1176 2046 quia

127 2077 240 2143 uirtus
264 2095 331 2142 non
348 2079 423 2142 erat
446 2076 482 2141 iu
507 2074 664 2155 dracone,
692 2080 727 2143 et
753 2077 830 2162 quia
858 2096 926 2142 uon
948 2077 1064 2143 nocuit
1086 2095 1172 2159 eam,

127 2192 323 2278 baptizatus
335 2195 389 2258 est
398 2211 473 2257 cum
483 2211 590 2280 regno
602 2213 674 2258 suo.
686 2191 769 2259 Cum
777 2193 919 2260 vidisset
930 2192 1173 2260 beataVenere

128 2308 219 2395 qnod
247 2307 345 2375 multi
373 2309 485 2395 populi
510 2307 623 2376 effecti
651 2314 766 2377 essent
793 2310 985 2389 christiani,
1014 2309 1103 2376 dixit
1132 2308 1174 2375 ad

125 2443 244 2512 regem
262 2445 269 2490 :
288 2424 413 2493 Dixisti
428 2429 465 2492 ut
480 2446 532 2491 me
547 2426 610 2492 tibi
629 2427 881 2516 conjungerem,
896 2426 993 2493 modo
1011 2425 1122 2494 factus
1139 2445 1175 2492 es

128 2541 185 2608 vir
212 2560 306 2606 meus
338 2542 575 2627 sempiternus,
603 2546 637 2609 et
656 2563 796 2630 regnum
816 2548 911 2612 tuum
933 2563 1001 2609 non
1029 2540 1170 2609 deficiet.

126 2654 195 2723 Sed
207 2655 351 2724 firmiter
365 2663 579 2744 perseverate
592 2659 628 2723 in
639 2658 705 2724 fide
714 2658 854 2736 Christi,
868 2658 930 2724 filii
943 2661 1017 2737 Dei,
1029 2661 1064 2725 et
1076 2657 1174 2723 modo

130 2773 342 2843 sanctificate
361 2774 559 2851 Ecclesiam,
584 2779 619 2843 et
637 2775 740 2843 facite
765 2776 857 2863 leges
883 2777 942 2841 Dei
968 2758 1227 2844 christiano-2⁰

131 2911 219 2976 rum,
239 2892 358 2978 etipse
375 2891 604 2977 quodcumque
618 2891 791 2979 pecieritis
807 2890 902 2960 debit
919 2891 1023 2959 vobis.

173 3011 209 3090 rt.
231 3007 305 3074 Ista
318 3012 382 3076 est.
399 3008 432 3086 i.
450 3009 565 3094 Specie
580 3013 651 3076 tua.

177 3123 283 3188 Lectio
305 3125 448 3191 decimu.
466 3124 560 3190 Tunc
572 3123 747 3192 benedixit
767 3143 825 3190 eos
841 3127 960 3190 sancta
975 3123 1121 3205 Venere,
1141 3126 1176 3189 et

133 3237 283 3307 ostendit
313 3241 362 3306 eis
393 3259 524 3306 omnem
549 3238 649 3306 fldem
678 3240 912 3319 christianam,
937 3243 971 3307 et
1001 3239 1051 3306 ait
1081 3238 1172 3305 illis:

130 3355 265 3434 Sciatis,
284 3355 409 3423 fratres
429 3356 618 3435 karissimi,
641 3358 720 3443 quia
735 3357 832 3423 modo
850 3356 1036 3442 relinquam
1050 3376 1121 3434 vos,
1141 3359 1176 3423 et

131 3472 218 3539 vado
237 3473 272 3538 in
292 3473 393 3539 eliam
416 3473 603 3552 civitatem,
630 3473 708 3559 quia
724 3472 770 3538 ibi
786 3476 864 3540 sunt
879 3492 1000 3559 greges
1019 3473 1092 3537 sine
1112 3490 1177 3536 nu-

131 3607 223 3654 mero
239 3608 308 3654 non
321 3588 484 3657 habentes
498 3594 683 3675 pastorem,
706 3593 740 3656 et
764 3588 863 3675 lupus
884 3589 975 3674 rapit
992 3592 1026 3655 et
1051 3587 1178 3675 disper·

129 3705 181 3791 git
197 3724 301 3784 oves;
320 3703 377 3769 sed
391 3703 490 3782 vado,
508 3711 672 3771 uternam
688 3706 792 3772 cosin
808 3707 942 3771 nomine
954 3705 1100 3786 Domini,
1118 3704 1175 3789 qui

130 3819 304 3887 adiebolo
323 3819 527 3887 retinentur.
556 3821 600 3888 Et
627 3822 743 3889 statim
770 3821 888 3889 evulsa
907 3825 960 3888 est
984 3820 1026 3887 ab
1052 3820 1177 3887 occulis

130 3956 261 4016 eornm,
279 3939 314 4003 et
325 3931 480 4023 pervenit
502 3942 623 4004 sancta
644 3957 748 4024 usque
763 3937 807 4005 ad
822 3937 963 4006 terciam
986 3937 1175 4016 civitatem,
1188 3953 1226 4018 30
1322 3995 1324 3998 ,

134 4051 191 4119 nbi
207 4047 347 4120 sedebat
374 4051 463 4119 alius
477 4071 538 4118 rex
552 4053 607 4139 qui
620 4053 804 4121 vocabatur
823 4053 1010 4140 Asclipeus.
1030 4052 1177 4139 Cumque

1045 4172 1066 4238 8
