2790 4792
563 389 740 458 -85-

142 532 256 600 danda
284 532 374 600 bona
393 537 428 600 et
442 552 509 600 non
533 532 575 598 ad
591 531 700 600 officia
718 533 919 622 optinenda;
946 532 1034 619 quod
1060 537 1179 600 contra

143 648 331 735 predictum
363 648 516 716 abbatem
544 669 603 736 per
630 650 914 737 archiepiscopum
945 651 1176 736 optinuerunt.

145 767 235 833 Dicti
257 786 338 833 vero
362 764 517 833 monachi
537 766 692 833 extranei
720 765 812 832 intus
836 763 906 830 fere
922 785 982 851 per
1002 783 1109 831 annos
1130 785 1180 830 re·

148 885 366 960 manserunt;
404 881 473 967 qui,
506 879 589 946 visis
616 878 712 946 bonis
739 879 1050 947 conversationibus
1079 881 1179 948 istius

151 1001 348 1076 conventus,
373 997 415 1063 ad
431 997 671 1064 monasterium
689 996 844 1074 Arrame,
861 995 949 1062 unde
972 1002 1082 1080 erant,
1110 996 1180 1062 lau·

150 1112 270 1180 dantes
300 1117 335 1179 et
363 1112 470 1180 multa
492 1111 580 1178 bona
606 1112 647 1178 de
679 1115 845 1178 conventu
874 1111 1023 1180 dicentes
1051 1113 1178 1179 reversi

147 1232 239 1295 snut.

185 1344 286 1421 Item,
304 1346 454 1429 tempore
466 1363 538 1422 suo,
546 1343 639 1430 prior
651 1342 766 1411 Sancti
776 1342 950 1410 Sanctiani
963 1363 1039 1410 cum
1054 1341 1179 1409 famulo
1292 1350 1295 1365 '

145 1464 182 1529 at
192 1459 319 1526 famula
333 1478 354 1524 a
369 1459 556 1526 latronibus
571 1464 668 1527 nocte
683 1462 762 1526 sunt
779 1458 950 1527 interfecti
964 1464 1000 1527 et
1013 1459 1090 1547 igne
1104 1479 1179 1526 cum

142 1577 295 1664 prioratu
321 1576 525 1642 concremati
541 1581 641 1662 prout
656 1579 808 1662 apparet.
828 1575 1028 1642 Multociens
1043 1575 1177 1656 accidit,
1192 1583 1228 1647 10
1333 1572 1336 1577 ’

143 1694 294 1776 tempore
305 1689 405 1757 istius
420 1688 564 1768 abbatis,
583 1690 669 1776 quod
683 1689 726 1756 ad
740 1690 927 1777 predictum
940 1692 1126 1778 prioratum
1146 1697 1181 1760 et

143 1805 186 1871 ad
206 1806 315 1872 locum
340 1806 498 1892 martyrii
514 1805 655 1892 predicti
671 1807 780 1874 sancti
795 1807 981 1886 sanctiani,
1002 1810 1091 1876 omni
1104 1829 1179 1895 pro·

141 1922 321 2009 vinciapre
330 1922 434 1988 nimia
447 1922 598 1989 siccitate
610 1927 645 1990 et
657 1924 746 1988 aeris
761 1925 1023 2010 intemperantia
1033 1945 1091 2010 spe
1101 1924 1178 2011 plu·
1269 1988 1275 1997 ,

142 2038 197 2104 vie
212 2037 389 2119 destituta,
412 2036 537 2105 fratres
556 2039 656 2104 istius
678 2038 743 2105 loci
765 2039 1063 2123 processionaliter
1080 2039 1179 2109 ibant

145 2173 279 2220 sacrum
289 2172 409 2239 corpus
426 2152 568 2241 predicti
582 2154 746 2239 martyris
763 2152 966 2230 deferentes,
981 2158 1015 2222 et
1030 2154 1178 2222 divinam

145 2268 293 2356 gratiam
309 2272 348 2336 ut
370 2268 561 2354 optinerent
579 2269 726 2356 pluviam
750 2269 924 2337 humiliter
944 2269 1175 2357 deprecantes.

138 2385 251 2460 *Quam
267 2384 412 2470 gratiam
432 2383 473 2450 ob
488 2385 597 2452 sancti
615 2387 779 2472 martyris
799 2387 921 2477 merita
936 2386 1176 2474 percipiebant.

72 2593 75 2599 ι
144 2500 233 2567 Nam
247 2498 290 2565 in·
299 2499 424 2583 reditu,
449 2501 602 2587 quamvis
624 2502 660 2566 in
679 2521 756 2568 aere
778 2502 883 2568 nubes
907 2502 1059 2589 pluvioso
1079 2508 1180 2571 antea

111 2664 115 2668 -
146 2617 284 2683 minime
307 2621 520 2705 apparerent,
546 2618 704 2685 continuo
727 2620 861 2705 copiosa
880 2619 1103 2688 descendebat
1123 2620 1180 2686 diu

145 2733 338 2800 desiderata
366 2732 598 2802 habundantia
625 2734 825 2821 pluviarum.
857 2737 1018 2823 Tempore
1038 2736 1181 2823 predicti
1191 2738 1230 2824 20
1304 2776 1310 2788 ·

146 2848 291 2928 abbatis,
313 2850 543 2937 pygnaculum
569 2849 722 2918 dextrale
740 2852 937 2919 monasterii
954 2872 1028 2918 cum
1048 2855 1180 2942 magnis

146 2967 265 3034 vitreis
290 2968 392 3032 vento
407 2965 519 3033 valido
537 2965 589 3032 bis
605 2967 742 3050 corruit,
772 2972 807 3034 et
824 2969 1004 3055 peripsum
1026 2969 1180 3038 abbatem

148 3081 213 3151 fuit
222 3081 276 3148 bis
290 3082 466 3169 apparenti
483 3079 683 3150 sufficientia
698 3088 903 3170 reparatum.
921 3084 1078 3172 Ejusdem
1094 3089 1183 3153 tem-

150 3218 243 3284 pore,
261 3196 418 3265 horribili
436 3195 515 3284 igne
533 3196 674 3284 quedam
694 3218 773 3284 pars
789 3199 887 3287 burgi
910 3199 1084 3268 combusta
1104 3200 1181 3278 fuit,

151 3313 208 3381 sed
225 3312 269 3381 ad
286 3312 447 3379 humilem
466 3313 719 3398 requisitionem
735 3315 859 3402 populi,
883 3314 1018 3401 quidam
1038 3315 1182 3382 fratrum

151 3449 225 3496 cum
240 3429 349 3517 capite
358 3429 448 3496 beati
463 3428 617 3516 Gregorii
627 3430 740 3517 ignem
752 3431 1003 3509 circumierunt,
1021 3436 1055 3499 et
1069 3432 1184 3498 statim

150 3549 272 3614 ventus
285 3545 506 3623 convertitur,
522 3565 584 3613 nec
596 3546 717 3613 ceteris
730 3545 881 3613 domibus
899 3547 988 3634 ignis
999 3547 1056 3612 ille
1070 3548 1185 3614 nocuit

152 3683 192 3729 ex
218 3661 284 3728 hac
305 3661 405 3727 hora.
426 3661 586 3747 Tempore
611 3661 710 3728 istius
737 3661 881 3740 abbatis,
898 3662 1127 3748 possessiones
1144 3661 1185 3729 de

151 3777 315 3845 Caveteus
335 3781 370 3844 et
388 3775 429 3841 da
447 3775 640 3862 Apresauve
657 3797 716 3864 per
731 3776 957 3845 venditionem
974 3776 1104 3843 Gilonis
1126 3778 1185 3843 mi·
1232 3858 1235 3863 ῃ

152 3893 222 3961 litis
239 3892 280 3959 de
300 3893 423 3961 Brione
438 3896 472 3960 et
488 3892 585 3959 vinee
606 3892 646 3959 de
670 3892 831 3959 Crusilles
856 3913 930 3958 cum
947 3892 1088 3979 quodam
1112 3914 1186 3960 mo·

152 4009 290 4077 landino
313 4028 376 4096 per
394 4007 620 4079 venditionem
645 4008 811 4076 Johannis
826 4007 871 4075 de
888 4008 985 4107 Arsin
1008 4010 1125 4078 militis
1151 4014 1186 4076 et
