2790 4792
646 401 820 468 -26-

213 566 288 611 nem
326 562 548 630 corrumpere,
584 544 735 609 seniores
768 544 990 624 convocavit;
1012 564 1158 630 quorum
1195 545 1260 612 fuit

212 660 380 726 sententia
400 664 437 726 ut
457 660 492 724 in
513 680 550 725 re
570 664 641 726 tam
661 659 763 726 dubia
783 659 960 725 consilium
980 660 1117 726 Domini
1136 681 1260 744 quere-

213 780 318 841 retur.
339 773 465 847 Quibus
484 775 659 842 orantibus
681 795 877 862 responsum
903 774 969 841 fuit
989 780 1028 842 ut
1055 777 1260 863 quicumque

215 890 364 955 dedomo
380 889 485 955 David
501 891 628 976 nuptiis
642 891 774 957 habiles
789 891 962 978 conjugati
977 911 1045 957 non
1061 897 1180 958 essent
1193 893 1261 957 sin·

213 1006 283 1092 guli
293 1006 408 1090 virgas
424 1005 575 1091 singulas
591 1004 633 1071 ad
645 1006 754 1072 altaro
768 1004 951 1089 deferrent,
970 1010 1005 1072 et
1017 990 1261 1093 cujuscumque

212 1121 309 1206 virga
324 1121 548 1206 germinasset
560 1124 594 1187 et
609 1121 644 1185 in
661 1121 833 1186 cacumine
846 1121 931 1208 ejuS,
951 1120 1138 1187 secundum
1154 1122 1260 1187 Ysaie

213 1237 422 1314 vaticinium,
433 1235 759 1321 spiritus-Sanctus
779 1235 814 1300 in
832 1235 983 1301 columbe
1001 1236 1114 1322 specie
1139 1256 1261 1302 conse-

216 1352 333 1429 disset,
355 1352 427 1437 ipse
447 1355 538 1417 esset
561 1352 614 1416 cui
634 1351 729 1436 virgo
753 1351 864 1416 Maria
889 1350 1088 1437 desponsari
1107 1349 1259 1416 deberet.

216 1466 376 1531 Omnibus
406 1467 521 1552 virgas
551 1464 782 1543 afferentibus,
812 1465 937 1552 Joseph
959 1464 1000 1530 de
1030 1465 1132 1530 domo
1153 1464 1261 1531 David
1349 1460 1351 1465 ’

171 1595 206 1657 10
219 1582 346 1666 virgam
368 1581 547 1649 subtraxit.
576 1578 659 1645 Cum
687 1599 766 1645 vero
800 1580 905 1646 nichil
939 1578 1051 1646 divine
1076 1581 1153 1646 voci
1179 1599 1262 1646 con-

219 1715 336 1760 sonum
353 1700 542 1782 appareret,
561 1693 716 1782 pontifex
735 1696 858 1763 iterum
882 1694 1059 1759 Dominum
1076 1697 1260 1774 exoravit3

218 1813 271 1877 cui
289 1830 485 1897 responsum
510 1810 574 1877 fuit
598 1810 684 1895 quod
705 1811 724 1875 J
727 1810 830 1895 oseph
847 1810 978 1895 virgam
995 1828 1064 1873 non
1080 1793 1261 1876 attulerat.

219 1929 323 2004 Tunc,
350 1946 422 1991 eum
441 1926 565 2012 Joseph
586 1926 716 1990 monitu
735 1924 902 2011 pontificis
918 1925 1050 2010 virgam
1071 1925 1262 2003 attulisset,

221 2042 294 2126 ipsa
315 2039 430 2105 florem
455 2040 547 2107 dedit
563 2044 597 2106 et
614 2041 649 2104 in
670 2041 843 2106 cacumine
864 2039 1264 2126 ejusSpiritus·Sanctus

222 2153 372 2222 consedit
398 2157 432 2219 in
456 2155 605 2222 columbe
629 2156 749 2241 speeie.
781 2154 825 2221 Et
852 2157 934 2221 tunc
964 2154 1121 2220 omnibus
1150 2157 1265 2242 patuit

221 2271 286 2356 ipsi
306 2270 429 2356 Joseph
449 2291 522 2336 esse
540 2271 684 2336 Mariam
703 2269 868 2355 virginem
884 2263 1167 2356 desponsandam.
1191 2271 1266 2338 An-

219 2389 354 2470 tequam
375 2404 455 2451 vero
477 2376 695 2451 convenirent
716 2386 855 2452 inventa
882 2389 934 2451 est
952 2385 1064 2451 Maria
1079 2384 1214 2451 habens
1230 2389 1264 2451 in

161 2488 164 2493 ’
221 2504 317 2567 utero
334 2499 374 2567 de
393 2500 675 2587 Spiritu-Sancto,
694 2501 782 2566 sicut
798 2500 951 2585 superius
968 2498 1033 2582 fnit
1049 2499 1194 2568 dictum.

407 2707 408 2710 ¹
457 2749 500 2795 DE
523 2747 756 2797 ASSUMPTIONE
779 2748 889 2796 BEATE
912 2748 1021 2797 Manna

175 2966 213 3028 20
267 2960 462 3046 Assumptio
485 2960 627 3046 virginis
653 2960 762 3026 Marie
781 2939 900 3028 matris
924 2937 983 3026 Dei
1004 2961 1153 3045 qualiter
1173 2961 1269 3030 facta

225 3075 270 3140 sit
298 3075 342 3139 in'
372 3075 513 3160 quodam
537 3048 624 3140 libro
649 3077 704 3160 qui
729 3076 826 3142 beato
852 3076 870 3141 J
876 3076 1003 3142 ohanni
1030 3079 1269 3165 euvangeliste

224 3190 406 3257 ascribitur
421 3190 589 3257 edocetur.
610 3190 780 3276 Apostolis
799 3211 943 3276 namque
962 3191 1003 3275 ob
1020 3192 1269 3277 predicationis

224 3306 369 3391 gratiam
388 3325 447 3391 per
462 3305 621 3369 mundum
642 3306 772 3384 divisis,
791 3308 887 3393 virgo
905 3307 1015 3372 Maria
1030 3309 1067 3372 in
1085 3307 1188 3375 domo
1208 3332 1270 3377 sua

220 3420 321 3505 juxta
349 3424 495 3486 montem
522 3422 612 3507 Syon
631 3421 756 3488 dicitur
777 3422 992 3498 remansisse,
1011 3427 1058 3496 et,
1081 3425 1270 3491 secundum

225 3536 399 3621 quosdam,
422 3547 540 3603 novem
565 3538 663 3602 annis
688 3541 765 3623 post
796 3538 1026 3602 ascensionem
1050 3538 1189 3606 Domini
1214 3563 1271 3608 sn-

225 3651 383 3734 pervixit.
413 3651 472 3714 Die
498 3651 604 3737 igitur
630 3650 773 3736 quadam
805 3651 882 3716 dum
910 3652 946 3715 in
971 3649 1036 3716 filii
1060 3652 1272 3720 desiderium

229 3786 407 3832 corsuum
435 3768 653 3834 vehementer
678 3766 928 3844 accenderetur,
954 3766 1095 3852 angelus
1124 3767 1169 3834 ad
1197 3789 1280 3836 eam·

231 3877 342 3945 dixit:
366 3883 471 3947 Filius
491 3887 571 3948 tuus
591 3887 626 3948 te
634 3887 784 3949 'matrem
795 3884 970 3967 'expectat
989 3878 1050 3945 Cui
1068 3882 1189 3968 virgo:
1213 3885 1274 3951 Ob

234 4002 326 4061 seoro
347 4002 384 4064 ut
404 3999 504 4069 michi
531 4019 652 4070 nomen
671 4005 765 4067 tuum
785 3998 926 4075 reveles,
949 3999 984 4065 et
1005 4001 1055 4075 ut,
1088 4004 1277 4090 antequam
