2790 4792
578 399 622 415 ..
645 364 689 430 75
711 397 756 415 ..

216 503 374 588 Ereptum
387 504 540 589 precibus
555 506 732 572 constituit
747 503 957 569 monachum.

215 618 287 682 Rex
301 619 428 704 proprii
442 619 533 705 juris
553 618 652 685 firma
669 618 730 684 sub
745 618 818 705 lege
832 616 980 702 reliquit,

213 732 315 798 Petro
330 733 492 799 sennensi
509 738 610 820 atque
623 736 693 799 suis
708 734 882 800 monachis

212 847 325 934 Pagus
338 847 520 933 Aquitanis
533 849 587 916 vel
599 853 760 934 quantum
776 848 962 914 Arvernioa
975 853 1066 915 terre

212 961 320 1049 Hujus
338 961 482 1030 habebat
496 982 575 1048 opes
588 963 731 1031 contulit
745 963 800 1028 hie
813 963 1006 1029 monachus.

204 1213 246 1260 DE
269 1212 388 1260 MORTE
411 1213 454 1261 ET
479 1214 678 1262 SEPULTURA
701 1213 810 1261 Boura
835 1212 1120 1272 rnnonacfflmm,

587 1328 739 1376 VIRGINIS

189 1543 294 1607 Beata
318 1540 585 1619 Theodechildis,
603 1561 666 1627 que
680 1541 777 1627 virgo
800 1545 834 1607 et
850 1541 917 1606 Deo
938 1543 1072 1606 sacrata
1092 1541 1181 1607 exti-

142 1656 222 1722 tita
245 1656 408 1740 puericia,
426 1656 529 1722 vitam
547 1656 748 1743 virginalem
774 1654 910 1732 ducens,
932 1655 967 1719 in
984 1655 1124 1740 justicia
1146 1663 1180 1724 et
1246 1726 1251 1734 ,

143 1771 327 1837 sanctitate
350 1790 563 1855 permanens,
581 1770 719 1857 dignum
739 1771 968 1836 habitaculum
993 1772 1045 1836 sui
1068 1771 1178 1837 cordis
1191 1761 1225 1824 ¹0

142 1885 422 1970 Spiritui-Sancto
448 1885 581 1972 prebuit
613 1905 846 1972 perseverans.
876 1877 955 1952 Fuit
988 1886 1178 1953 elemosinis

142 2000 255 2085 larga;
281 1999 431 2086 jejuniis,
451 2000 679 2078 abstinentiis
698 2000 884 2086 disciplinis
910 2005 944 2068 et
970 2000 1178 2067 orationibus

142 2115 404 2208 mittissimoque
425 2114 524 2180 corde
544 2117 684 2181 Domino
707 2106 887 2193 seruiebat,
910 2120 944 2182 et
965 2136 1028 2200 que
1050 2115 1179 2183 solebat

134 2228 320 2316 -precedere
340 2227 560 2308 nobilissima,
583 2229 718 2296 famulis
734 2230 798 2315 Dei
813 2234 847 2296 ot
859 2232 1080 2297 communiter
1093 2251 1178 2317 pau·

140 2344 277 2430 peribus
290 2344 517 2412 ministrabat.
535 2346 617 2422 Que,
635 2348 811 2430 postquam
836 2364 970 2410 cursum
990 2346 1059 2412 vite
1077 2346 1176 2432 hujus

140 2458 359 2537 laudabiliter
388 2459 547 2546 explevit,
584 2460 744 2545 migravit
780 2447 804 2522 a'
843 2458 954 2527 seculo
988 2460 1105 2524 vivens
1140 2461 1175 2524 in

139 2573 289 2651 Christo
306 2578 341 2640 et
355 2575 486 2660 sepulta
502 2573 568 2642 fuit
587 2575 621 2638 in
636 2576 842 2641 monasterio
866 2594 926 2639 suo
949 2575 1064 2642 Sancti
1081 2576 1175 2642 Petri

139 2688 216 2754 vivi
243 2688 456 2772 senonensis,
488 2689 735 2779 adusinistrum
762 2689 851 2754 latus
873 2688 1010 2775 majoris
1040 2690 1173 2768 altaris,

140 2802 226 2887 quod
239 2823 260 2869 a
272 2803 340 2868 Deo
353 2807 388 2870 et
399 2804 529 2891 angelis
541 2803 750 2891 dignoscitur
764 2808 1007 2870 consecratum.
1020 2806 1097 2870 Dies
1112 2825 1175 2870 an-

140 2918 319 2984 niversarii
333 2921 492 2985 memorie
507 2919 579 3005 ejus
604 2919 738 2986 ducitur
758 2919 792 2982 in
815 2920 933 3006 vigilia
948 2913 1223 3006 apostolornm20

140 3031 233 3097 Petri
252 3035 287 3098 et
308 3031 417 3096 Pauli.
439 3030 566 3097 vPostea
588 3049 669 3097 vero
690 3029 831 3095 domnus
855 3029 1038 3096 Gaufridus
1056 3031 1172 3111 abbaS,

140 3147 194 3230 qui
212 3165 333 3211 novum
351 3165 433 3231 opus
452 3144 648 3211 monasterii
667 3146 816 3210 construi
838 3143 929 3223 fecit,
950 3164 1081 3212 sacrum
1103 3167 1183 3213 cor-v

139 3281 199 3345 pus
216 3261 305 3328 dicte
321 3265 436 3327 sancte
451 3260 594 3346 virginis
608 3260 786 3326 transtulit
802 3261 836 3323 in
853 3260 961 3325 locum
977 3262 1089 3346 inquo
1107 3266 1172 3338 est,

138 3380 171 3441 et
184 3374 367 3441 honorilice
382 3379 483 3460 caput
505 3374 611 3462 ipsius
629 3375 745 3460 regine
768 3375 803 3438 in
818 3379 959 3469 argento
976 3375 1018 3441 ad
1039 3374 1172 3440 modum

139 3490 311 3576 cujusdam
327 3488 425 3556 faciei
449 3489 613 3559 fabricato
628 3488 742 3577 uoluit¹
754 3491 960 3556 conservari.

178 3739 400 3789 EPYTAPHIUM
421 3739 527 3788 IPSIUS
544 3740 671 3788 SANCTE
691 3739 958 3788 THEODECHILDIS
977 3723 1124 3788 VIRGINlS

199 3959 298 4024 Hunc
313 3956 432 4043 regina
447 3956 554 4023 locum
569 3958 742 4026 monachis
757 3958 949 4026 construxit
964 3958 1006 4024 ab
1024 3979 1103 4045 ymo
