<?xml version="1.0" encoding="UTF-8"?>
<!DOCTYPE html PUBLIC "-//W3C//DTD XHTML 1.0 Transitional//EN"
    "http://www.w3.org/TR/xhtml1/DTD/xhtml1-transitional.dtd">
<html xmlns="http://www.w3.org/1999/xhtml" xml:lang="en" lang="en">
 <head>
  <title>
</title>
<meta http-equiv="Content-Type" content="text/html;charset=utf-8" />
  <meta name='ocr-system' content='tesseract 3.04.00' />
  <meta name='ocr-capabilities' content='ocr_page ocr_carea ocr_par ocr_line ocrx_word'/>
</head>
<body>
  <div class='ocr_page' id='page_1' title='image "./lelivredesreliq00jullgoog_0051.png"; bbox 0 0 2790 4792; ppageno 0'>
   <div class='ocr_carea' id='block_1_1' title="bbox 600 389 755 452">
    <p class='ocr_par' dir='ltr' id='par_1_1' title="bbox 600 389 755 452">
     <span class='ocr_line' id='line_1_1' title="bbox 600 389 755 452; baseline 0 -14"><span class='ocrx_word' id='word_1_1' title='bbox 600 389 755 452; x_wconf 77' lang='lat' dir='ltr'><strong>-g-</strong></span> 
     </span>
    </p>
   </div>
   <div class='ocr_carea' id='block_1_2' title="bbox 77 524 1216 1078">
    <p class='ocr_par' dir='ltr' id='par_1_2' title="bbox 96 524 1200 739">
     <span class='ocr_line' id='line_1_2' title="bbox 162 524 1198 614; baseline 0.003 -25"><span class='ocrx_word' id='word_1_2' title='bbox 162 524 351 608; x_wconf 74' lang='lat' dir='ltr'>declarabo,</span> <span class='ocrx_word' id='word_1_3' title='bbox 380 546 419 593; x_wconf 89' lang='lat' dir='ltr'><strong>ac</strong></span> <span class='ocrx_word' id='word_1_4' title='bbox 442 527 561 594; x_wconf 86' lang='lat' dir='ltr'><strong>deinde</strong></span> <span class='ocrx_word' id='word_1_5' title='bbox 581 529 622 594; x_wconf 89' lang='lat' dir='ltr'><strong>de</strong></span> <span class='ocrx_word' id='word_1_6' title='bbox 640 527 839 595; x_wconf 83' lang='lat' dir='ltr'><strong>fundatione</strong></span> <span class='ocrx_word' id='word_1_7' title='bbox 868 532 902 595; x_wconf 92' lang='lat' dir='ltr'><strong>et</strong></span> <span class='ocrx_word' id='word_1_8' title='bbox 930 527 1198 614; x_wconf 81' lang='lat' dir='ltr'><strong>reparationibus</strong></span> 
     </span>
     <span class='ocr_line' id='line_1_3' title="bbox 96 621 1200 739; baseline 0.007 -39"><span class='ocrx_word' id='word_1_9' title='bbox 96 695 97 700; x_wconf 75' lang='grc'>,</span> <span class='ocrx_word' id='word_1_10' title='bbox 164 638 246 706; x_wconf 92' lang='lat' dir='ltr'><strong>dicti</strong></span> <span class='ocrx_word' id='word_1_11' title='bbox 271 642 467 739; x_wconf 82' lang='lat' dir='ltr'><strong>monasterii</strong></span> <span class='ocrx_word' id='word_1_12' title='bbox 501 645 536 709; x_wconf 91' lang='lat' dir='ltr'><strong>et</strong></span> <span class='ocrx_word' id='word_1_13' title='bbox 567 641 607 708; x_wconf 92' lang='lat' dir='ltr'><strong>de</strong></span> <span class='ocrx_word' id='word_1_14' title='bbox 634 642 832 728; x_wconf 89' lang='lat' dir='ltr'><strong>quibusdam</strong></span> <span class='ocrx_word' id='word_1_15' title='bbox 860 640 937 707; x_wconf 85' lang='lat' dir='ltr'><strong>aliis</strong></span> <span class='ocrx_word' id='word_1_16' title='bbox 960 621 1117 709; x_wconf 79' lang='lat' dir='ltr'><strong>materiis</strong></span> <span class='ocrx_word' id='word_1_17' title='bbox 1143 662 1200 728; x_wconf 91' lang='lat' dir='ltr'><strong>per</strong></span> 
     </span>
    </p>

    <p class='ocr_par' dir='ltr' id='par_1_3' title="bbox 164 753 1198 843">
     <span class='ocr_line' id='line_1_4' title="bbox 164 753 1198 843; baseline 0.005 -25"><span class='ocrx_word' id='word_1_18' title='bbox 164 753 316 820; x_wconf 80' lang='lat' dir='ltr'><strong>rubricas</strong></span> <span class='ocrx_word' id='word_1_19' title='bbox 345 756 487 822; x_wconf 88' lang='lat' dir='ltr'><strong>inferius</strong></span> <span class='ocrx_word' id='word_1_20' title='bbox 512 759 685 824; x_wconf 84' lang='lat' dir='ltr'><strong>annotatis</strong></span> <span class='ocrx_word' id='word_1_21' title='bbox 714 757 955 843; x_wconf 86' lang='lat' dir='ltr'><strong>subsequenter</strong></span> <span class='ocrx_word' id='word_1_22' title='bbox 985 763 1019 823; x_wconf 93' lang='lat' dir='ltr'><strong>et</strong></span> <span class='ocrx_word' id='word_1_23' title='bbox 1044 758 1198 825; x_wconf 89' lang='lat' dir='ltr'><strong>ordinate</strong></span> 
     </span>
    </p>

    <p class='ocr_par' dir='ltr' id='par_1_4' title="bbox 77 868 1216 1078">
     <span class='ocr_line' id='line_1_5' title="bbox 164 868 1216 959; baseline 0.004 -25"><span class='ocrx_word' id='word_1_24' title='bbox 164 868 375 936; x_wconf 82' lang='lat' dir='ltr'><strong>conscribere</strong></span> <span class='ocrx_word' id='word_1_25' title='bbox 393 871 530 959; x_wconf 87' lang='lat' dir='ltr'><strong>dignum</strong></span> <span class='ocrx_word' id='word_1_26' title='bbox 555 873 647 939; x_wconf 84' lang='lat' dir='ltr'><strong>duxi.</strong></span> <span class='ocrx_word' id='word_1_27' title='bbox 664 875 695 938; x_wconf 88' lang='lat' dir='ltr'><strong>A</strong></span> <span class='ocrx_word' id='word_1_28' title='bbox 715 874 856 939; x_wconf 89' lang='lat' dir='ltr'><strong>Domino</strong></span> <span class='ocrx_word' id='word_1_29' title='bbox 876 874 1015 959; x_wconf 88' lang='lat' dir='ltr'><strong>incipiat</strong></span> <span class='ocrx_word' id='word_1_30' title='bbox 1037 873 1100 939; x_wconf 88' lang='lat' dir='ltr'><strong>hec</strong></span> <span class='ocrx_word' id='word_1_31' title='bbox 1119 892 1216 959; x_wconf 81' lang='lat' dir='ltr'><strong>ope-¹</strong></span> 
     </span>
     <span class='ocr_line' id='line_1_6' title="bbox 77 963 1113 1078; baseline 0.008 -33"><span class='ocrx_word' id='word_1_32' title='bbox 77 998 82 1006; x_wconf 57' lang='lat'><em>¹</em></span> <span class='ocrx_word' id='word_1_33' title='bbox 165 981 302 1050; x_wconf 90' lang='lat' dir='ltr'><strong>ratioet</strong></span> <span class='ocrx_word' id='word_1_34' title='bbox 321 1003 382 1068; x_wconf 90' lang='lat' dir='ltr'><strong>per</strong></span> <span class='ocrx_word' id='word_1_35' title='bbox 395 984 546 1051; x_wconf 89' lang='lat' dir='ltr'><strong>eumdem</strong></span> <span class='ocrx_word' id='word_1_36' title='bbox 561 986 734 1051; x_wconf 89' lang='lat' dir='ltr'><strong>dominum</strong></span> <span class='ocrx_word' id='word_1_37' title='bbox 749 985 900 1063; x_wconf 87' lang='lat' dir='ltr'><strong>finiatur,</strong></span> <span class='ocrx_word' id='word_1_38' title='bbox 923 1005 1033 1078; x_wconf 85' lang='lat' dir='ltr'><strong>amen.</strong></span> <span class='ocrx_word' id='word_1_39' title='bbox 1111 963 1113 966; x_wconf 33' lang='grc'><strong>’</strong></span> 
     </span>
    </p>
   </div>
   <div class='ocr_carea' id='block_1_3' title="bbox 208 1190 1116 1737">
    <p class='ocr_par' dir='ltr' id='par_1_5' title="bbox 208 1190 1116 1737">
     <span class='ocr_line' id='line_1_7' title="bbox 368 1190 1100 1283; baseline -0.003 -10"><span class='ocrx_word' id='word_1_40' title='bbox 368 1227 433 1275; x_wconf 82' lang='lat' dir='ltr'><strong>nno</strong></span> <span class='ocrx_word' id='word_1_41' title='bbox 463 1227 551 1276; x_wconf 80' lang='lat' dir='ltr'><strong>suun</strong></span> <span class='ocrx_word' id='word_1_42' title='bbox 578 1227 726 1276; x_wconf 82' lang='lat' dir='ltr'><strong>aurnicn</strong></span> <span class='ocrx_word' id='word_1_43' title='bbox 756 1190 993 1283; x_wconf 77' lang='lat' dir='ltr'><strong>nnnroumnuu</strong></span> <span class='ocrx_word' id='word_1_44' title='bbox 1097 1208 1100 1215; x_wconf 87' lang='lat'>&#39;</span> 
     </span>
     <span class='ocr_line' id='line_1_8' title="bbox 208 1339 1086 1389; baseline -0.001 -2"><span class='ocrx_word' id='word_1_45' title='bbox 208 1345 211 1348; x_wconf 91' lang='lat'>·</span> <span class='ocrx_word' id='word_1_46' title='bbox 280 1339 488 1388; x_wconf 80' lang='lat' dir='ltr'><strong>mounsrsnu</strong></span> <span class='ocrx_word' id='word_1_47' title='bbox 511 1341 631 1389; x_wconf 81' lang='lat' dir='ltr'><strong>snucri</strong></span> <span class='ocrx_word' id='word_1_48' title='bbox 659 1341 763 1389; x_wconf 80' lang='lat' dir='ltr'><strong>Pnrnr</strong></span> <span class='ocrx_word' id='word_1_49' title='bbox 790 1341 862 1388; x_wconf 83' lang='lat' dir='ltr'><strong>vivi</strong></span> <span class='ocrx_word' id='word_1_50' title='bbox 882 1339 1086 1389; x_wconf 80' lang='lat' dir='ltr'><strong>suuouuusm</strong></span> 
     </span>
     <span class='ocr_line' id='line_1_9' title="bbox 412 1444 963 1514; baseline -0.002 -11"><span class='ocrx_word' id='word_1_51' title='bbox 412 1457 456 1504; x_wconf 85' lang='lat' dir='ltr'><strong>nr</strong></span> <span class='ocrx_word' id='word_1_52' title='bbox 482 1456 699 1514; x_wconf 77' lang='lat' dir='ltr'><strong>Quanunnsu</strong></span> <span class='ocrx_word' id='word_1_53' title='bbox 722 1444 963 1504; x_wconf 79' lang='lat' dir='ltr'><strong>uaruainnuu&#39;</strong></span> 
     </span>
     <span class='ocr_line' id='line_1_10' title="bbox 246 1570 1116 1644; baseline 0 -27"><span class='ocrx_word' id='word_1_54' title='bbox 246 1571 386 1618; x_wconf 75' lang='lat' dir='ltr'><strong>cursuro</strong></span> <span class='ocrx_word' id='word_1_55' title='bbox 416 1573 600 1622; x_wconf 75' lang='lat' dir='ltr'><strong>PRESENTIS</strong></span> <span class='ocrx_word' id='word_1_56' title='bbox 624 1573 785 1621; x_wconf 77' lang='lat' dir='ltr'><strong>croscum</strong></span> <span class='ocrx_word' id='word_1_57' title='bbox 813 1570 1116 1644; x_wconf 78' lang='lat' dir='ltr'><strong>couscairuunuu,</strong></span> 
     </span>
     <span class='ocr_line' id='line_1_11' title="bbox 296 1675 1081 1737; baseline -0.003 -2"><span class='ocrx_word' id='word_1_58' title='bbox 296 1688 388 1736; x_wconf 76' lang='lat' dir='ltr'><strong>nuno</strong></span> <span class='ocrx_word' id='word_1_59' title='bbox 405 1689 527 1737; x_wconf 84' lang='lat' dir='ltr'><strong>nonnu</strong></span> <span class='ocrx_word' id='word_1_60' title='bbox 550 1675 589 1736; x_wconf 77' lang='grc' dir='ltr'><strong>Μο</strong></span> <span class='ocrx_word' id='word_1_61' title='bbox 612 1683 895 1737; x_wconf 78' lang='lat' dir='ltr'><strong>cc⁰nonnens1no</strong></span> <span class='ocrx_word' id='word_1_62' title='bbox 917 1687 1039 1734; x_wconf 79' lang='lat' dir='ltr'><strong>nuncio</strong></span> <span class='ocrx_word' id='word_1_63' title='bbox 1058 1688 1081 1732; x_wconf 89' lang='lat'><strong>:·</strong></span> 
     </span>
    </p>
   </div>
   <div class='ocr_carea' id='block_1_4' title="bbox 115 1817 1204 4050">
    <p class='ocr_par' dir='ltr' id='par_1_6' title="bbox 115 1817 1204 4050">
     <span class='ocr_line' id='line_1_12' title="bbox 119 1817 554 1879; baseline -0.018 0"><span class='ocrx_word' id='word_1_64' title='bbox 119 1817 154 1879; x_wconf 78' lang='lat'><strong>10</strong></span> <span class='ocrx_word' id='word_1_65' title='bbox 199 1819 245 1876; x_wconf 90' lang='lat' dir='ltr'><strong>De</strong></span> <span class='ocrx_word' id='word_1_66' title='bbox 263 1834 383 1876; x_wconf 89' lang='lat' dir='ltr'><strong>summa</strong></span> <span class='ocrx_word' id='word_1_67' title='bbox 397 1817 554 1874; x_wconf 89' lang='lat' dir='ltr'><strong>Trinitate.</strong></span> 
     </span>
     <span class='ocr_line' id='line_1_13' title="bbox 201 1914 546 1973; baseline -0.003 -3"><span class='ocrx_word' id='word_1_68' title='bbox 201 1915 244 1972; x_wconf 89' lang='lat' dir='ltr'><strong>De</strong></span> <span class='ocrx_word' id='word_1_69' title='bbox 264 1915 395 1973; x_wconf 89' lang='lat' dir='ltr'><strong>adventu</strong></span> <span class='ocrx_word' id='word_1_70' title='bbox 414 1914 546 1971; x_wconf 90' lang='lat' dir='ltr'><strong>Domini.</strong></span> 
     </span>
     <span class='ocr_line' id='line_1_14' title="bbox 200 2010 921 2071; baseline -0.004 -2"><span class='ocrx_word' id='word_1_71' title='bbox 200 2014 245 2071; x_wconf 90' lang='lat' dir='ltr'><strong>De</strong></span> <span class='ocrx_word' id='word_1_72' title='bbox 267 2014 501 2071; x_wconf 87' lang='lat' dir='ltr'><strong>annunciatione</strong></span> <span class='ocrx_word' id='word_1_73' title='bbox 518 2019 548 2070; x_wconf 89' lang='lat' dir='ltr'><strong>et</strong></span> <span class='ocrx_word' id='word_1_74' title='bbox 562 2011 771 2069; x_wconf 86' lang='lat' dir='ltr'><strong>incarnatione</strong></span> <span class='ocrx_word' id='word_1_75' title='bbox 791 2010 921 2067; x_wconf 89' lang='lat' dir='ltr'><strong>Domini.</strong></span> 
     </span>
     <span class='ocr_line' id='line_1_15' title="bbox 199 2111 572 2168; baseline 0.003 -2"><span class='ocrx_word' id='word_1_76' title='bbox 199 2111 245 2168; x_wconf 90' lang='lat' dir='ltr'><strong>De</strong></span> <span class='ocrx_word' id='word_1_77' title='bbox 264 2112 421 2168; x_wconf 87' lang='lat' dir='ltr'><strong>nativitate</strong></span> <span class='ocrx_word' id='word_1_78' title='bbox 440 2111 572 2168; x_wconf 90' lang='lat' dir='ltr'><strong>Domini.</strong></span> 
     </span>
     <span class='ocr_line' id='line_1_16' title="bbox 200 2207 583 2281; baseline 0 -17"><span class='ocrx_word' id='word_1_79' title='bbox 200 2208 245 2266; x_wconf 87' lang='lat' dir='ltr'><strong>De</strong></span> <span class='ocrx_word' id='word_1_80' title='bbox 263 2225 341 2281; x_wconf 91' lang='lat' dir='ltr'><strong>pane</strong></span> <span class='ocrx_word' id='word_1_81' title='bbox 356 2226 430 2266; x_wconf 88' lang='lat' dir='ltr'><strong>eene</strong></span> <span class='ocrx_word' id='word_1_82' title='bbox 449 2207 583 2266; x_wconf 91' lang='lat' dir='ltr'><strong>Domini.</strong></span> 
     </span>
     <span class='ocr_line' id='line_1_17' title="bbox 202 2307 527 2364; baseline 0 -2"><span class='ocrx_word' id='word_1_83' title='bbox 202 2307 246 2364; x_wconf 87' lang='lat' dir='ltr'><strong>De</strong></span> <span class='ocrx_word' id='word_1_84' title='bbox 264 2324 354 2364; x_wconf 88' lang='lat' dir='ltr'><strong>cruce</strong></span> <span class='ocrx_word' id='word_1_85' title='bbox 371 2307 502 2364; x_wconf 89' lang='lat' dir='ltr'><strong>Domini.</strong></span> <span class='ocrx_word' id='word_1_86' title='bbox 521 2309 527 2321; x_wconf 81' lang='lat'><strong>⁴</strong></span> 
     </span>
     <span class='ocr_line' id='line_1_18' title="bbox 175 2403 695 2484; baseline 0.004 -26"><span class='ocrx_word' id='word_1_87' title='bbox 175 2478 179 2484; x_wconf 16' lang='lat' dir='ltr'><em>st</em></span> <span class='ocrx_word' id='word_1_88' title='bbox 198 2403 244 2459; x_wconf 92' lang='lat' dir='ltr'><strong>De</strong></span> <span class='ocrx_word' id='word_1_89' title='bbox 263 2403 367 2460; x_wconf 85' lang='lat' dir='ltr'><strong>tunica</strong></span> <span class='ocrx_word' id='word_1_90' title='bbox 386 2404 509 2461; x_wconf 91' lang='lat' dir='ltr'><strong>Domini</strong></span> <span class='ocrx_word' id='word_1_91' title='bbox 528 2410 558 2462; x_wconf 88' lang='lat' dir='ltr'><strong>et</strong></span> <span class='ocrx_word' id='word_1_92' title='bbox 576 2404 695 2477; x_wconf 84' lang='lat' dir='ltr'><strong>Pylato.</strong></span> 
     </span>
     <span class='ocr_line' id='line_1_19' title="bbox 199 2503 542 2577; baseline 0.006 -18"><span class='ocrx_word' id='word_1_93' title='bbox 199 2504 245 2559; x_wconf 92' lang='lat' dir='ltr'><strong>De</strong></span> <span class='ocrx_word' id='word_1_94' title='bbox 264 2503 392 2577; x_wconf 85' lang='lat' dir='ltr'><strong>spongia</strong></span> <span class='ocrx_word' id='word_1_95' title='bbox 411 2503 542 2561; x_wconf 93' lang='lat' dir='ltr'><strong>Domini.</strong></span> 
     </span>
     <span class='ocr_line' id='line_1_20' title="bbox 199 2601 722 2674; baseline 0.002 -17"><span class='ocrx_word' id='word_1_96' title='bbox 199 2601 245 2658; x_wconf 89' lang='lat' dir='ltr'><strong>De</strong></span> <span class='ocrx_word' id='word_1_97' title='bbox 264 2602 371 2659; x_wconf 88' lang='lat' dir='ltr'><strong>lancea</strong></span> <span class='ocrx_word' id='word_1_98' title='bbox 384 2603 506 2659; x_wconf 92' lang='lat' dir='ltr'><strong>Domini</strong></span> <span class='ocrx_word' id='word_1_99' title='bbox 525 2607 555 2659; x_wconf 87' lang='lat' dir='ltr'><strong>et</strong></span> <span class='ocrx_word' id='word_1_100' title='bbox 573 2601 722 2674; x_wconf 76' lang='lat' dir='ltr'><strong>Longino</strong></span> 
     </span>
     <span class='ocr_line' id='line_1_21' title="bbox 199 2700 545 2773; baseline 0.003 -17"><span class='ocrx_word' id='word_1_101' title='bbox 199 2701 244 2758; x_wconf 90' lang='lat' dir='ltr'><strong>De</strong></span> <span class='ocrx_word' id='word_1_102' title='bbox 263 2700 398 2773; x_wconf 82' lang='lat' dir='ltr'><strong>syndone</strong></span> <span class='ocrx_word' id='word_1_103' title='bbox 414 2700 545 2757; x_wconf 93' lang='lat' dir='ltr'><strong>Domini.</strong></span> 
     </span>
     <span class='ocr_line' id='line_1_22' title="bbox 115 2791 828 2871; baseline 0.003 -20"><span class='ocrx_word' id='word_1_104' title='bbox 115 2791 154 2853; x_wconf 76' lang='lat'><strong>20</strong></span> <span class='ocrx_word' id='word_1_105' title='bbox 199 2797 243 2854; x_wconf 89' lang='lat' dir='ltr'><strong>De</strong></span> <span class='ocrx_word' id='word_1_106' title='bbox 262 2797 402 2871; x_wconf 90' lang='lat' dir='ltr'><strong>sepulcro</strong></span> <span class='ocrx_word' id='word_1_107' title='bbox 417 2803 448 2855; x_wconf 87' lang='lat' dir='ltr'><strong>et</strong></span> <span class='ocrx_word' id='word_1_108' title='bbox 461 2799 684 2856; x_wconf 88' lang='lat' dir='ltr'><strong>resurrectione</strong></span> <span class='ocrx_word' id='word_1_109' title='bbox 697 2799 828 2856; x_wconf 91' lang='lat' dir='ltr'><strong>Domini.</strong></span> 
     </span>
     <span class='ocr_line' id='line_1_23' title="bbox 198 2894 888 2968; baseline 0.004 -18"><span class='ocrx_word' id='word_1_110' title='bbox 198 2894 243 2951; x_wconf 89' lang='lat' dir='ltr'><strong>De</strong></span> <span class='ocrx_word' id='word_1_111' title='bbox 262 2896 418 2953; x_wconf 86' lang='lat' dir='ltr'><strong>nativitate</strong></span> <span class='ocrx_word' id='word_1_112' title='bbox 434 2897 588 2954; x_wconf 71' lang='lat' dir='ltr'><strong>beatoDei</strong></span> <span class='ocrx_word' id='word_1_113' title='bbox 601 2897 760 2968; x_wconf 85' lang='lat' dir='ltr'><strong>genitricis</strong></span> <span class='ocrx_word' id='word_1_114' title='bbox 779 2897 888 2953; x_wconf 88' lang='lat' dir='ltr'><strong>Mario.</strong></span> 
     </span>
     <span class='ocr_line' id='line_1_24' title="bbox 197 2994 631 3069; baseline 0.007 -20"><span class='ocrx_word' id='word_1_115' title='bbox 197 2994 244 3051; x_wconf 95' lang='lat' dir='ltr'><strong>De</strong></span> <span class='ocrx_word' id='word_1_116' title='bbox 262 2995 468 3069; x_wconf 82' lang='lat' dir='ltr'><strong>assumptione</strong></span> <span class='ocrx_word' id='word_1_117' title='bbox 487 2996 631 3069; x_wconf 89' lang='lat' dir='ltr'><strong>ejusdem.</strong></span> 
     </span>
     <span class='ocr_line' id='line_1_25' title="bbox 199 3093 611 3166; baseline 0.002 -18"><span class='ocrx_word' id='word_1_118' title='bbox 199 3093 245 3150; x_wconf 87' lang='lat' dir='ltr'><strong>De</strong></span> <span class='ocrx_word' id='word_1_119' title='bbox 264 3093 451 3151; x_wconf 86' lang='lat' dir='ltr'><strong>vestimentis</strong></span> <span class='ocrx_word' id='word_1_120' title='bbox 466 3093 611 3166; x_wconf 89' lang='lat' dir='ltr'><strong>ejusdem.</strong></span> 
     </span>
     <span class='ocr_line' id='line_1_26' title="bbox 198 3192 529 3266; baseline -0.003 -17"><span class='ocrx_word' id='word_1_121' title='bbox 198 3195 243 3250; x_wconf 92' lang='lat' dir='ltr'><strong>De</strong></span> <span class='ocrx_word' id='word_1_122' title='bbox 262 3192 380 3266; x_wconf 90' lang='lat' dir='ltr'><strong>capillis</strong></span> <span class='ocrx_word' id='word_1_123' title='bbox 399 3193 529 3266; x_wconf 91' lang='lat' dir='ltr'><strong>ejudem.</strong></span> 
     </span>
     <span class='ocr_line' id='line_1_27' title="bbox 200 3290 501 3363; baseline 0.003 -18"><span class='ocrx_word' id='word_1_124' title='bbox 200 3291 245 3348; x_wconf 88' lang='lat' dir='ltr'><strong>De</strong></span> <span class='ocrx_word' id='word_1_125' title='bbox 264 3290 342 3347; x_wconf 88' lang='lat' dir='ltr'><strong>laete</strong></span> <span class='ocrx_word' id='word_1_126' title='bbox 356 3290 501 3363; x_wconf 87' lang='lat' dir='ltr'><strong>ejusdem.</strong></span> 
     </span>
     <span class='ocr_line' id='line_1_28' title="bbox 197 3387 538 3460; baseline 0.003 -17"><span class='ocrx_word' id='word_1_127' title='bbox 197 3387 340 3444; x_wconf 88' lang='lat' dir='ltr'><strong>Narratio</strong></span> <span class='ocrx_word' id='word_1_128' title='bbox 356 3387 393 3444; x_wconf 87' lang='lat' dir='ltr'><strong>de</strong></span> <span class='ocrx_word' id='word_1_129' title='bbox 411 3387 538 3460; x_wconf 89' lang='lat' dir='ltr'><strong>angelis.</strong></span> 
     </span>
     <span class='ocr_line' id='line_1_29' title="bbox 197 3484 965 3559; baseline 0.007 -19"><span class='ocrx_word' id='word_1_130' title='bbox 197 3486 243 3542; x_wconf 88' lang='lat' dir='ltr'><strong>De</strong></span> <span class='ocrx_word' id='word_1_131' title='bbox 261 3485 376 3559; x_wconf 85' lang='lat' dir='ltr'><strong>majore</strong></span> <span class='ocrx_word' id='word_1_132' title='bbox 391 3484 480 3541; x_wconf 88' lang='lat' dir='ltr'><strong>altari</strong></span> <span class='ocrx_word' id='word_1_133' title='bbox 499 3501 517 3542; x_wconf 90' lang='lat' dir='ltr'><strong>a</strong></span> <span class='ocrx_word' id='word_1_134' title='bbox 535 3487 599 3543; x_wconf 90' lang='lat' dir='ltr'><strong>Deo</strong></span> <span class='ocrx_word' id='word_1_135' title='bbox 619 3492 650 3542; x_wconf 86' lang='lat' dir='ltr'><strong>et</strong></span> <span class='ocrx_word' id='word_1_136' title='bbox 669 3486 786 3558; x_wconf 87' lang='lat' dir='ltr'><strong>angelis</strong></span> <span class='ocrx_word' id='word_1_137' title='bbox 805 3487 965 3545; x_wconf 68' lang='lat' dir='ltr'><strong>dedicato.</strong></span> 
     </span>
     <span class='ocr_line' id='line_1_30' title="bbox 123 3582 1204 3658; baseline 0.006 -21"><span class='ocrx_word' id='word_1_138' title='bbox 123 3624 132 3632; x_wconf 75' lang='grc'><strong>..</strong></span> <span class='ocrx_word' id='word_1_139' title='bbox 197 3583 241 3640; x_wconf 92' lang='lat' dir='ltr'><strong>De</strong></span> <span class='ocrx_word' id='word_1_140' title='bbox 251 3583 429 3658; x_wconf 85' lang='lat' dir='ltr'><strong>quibusdam</strong></span> <span class='ocrx_word' id='word_1_141' title='bbox 440 3582 673 3640; x_wconf 85' lang='lat' dir='ltr'><strong>revelationibus</strong></span> <span class='ocrx_word' id='word_1_142' title='bbox 683 3589 713 3640; x_wconf 89' lang='lat' dir='ltr'><strong>et</strong></span> <span class='ocrx_word' id='word_1_143' title='bbox 728 3583 882 3641; x_wconf 91' lang='lat' dir='ltr'><strong>miraculis</strong></span> <span class='ocrx_word' id='word_1_144' title='bbox 897 3585 1084 3643; x_wconf 87' lang='lat' dir='ltr'><strong>circaaltare</strong></span> <span class='ocrx_word' id='word_1_145' title='bbox 1101 3587 1204 3644; x_wconf 76' lang='lat' dir='ltr'><strong>sactis</strong></span> 
     </span>
     <span class='ocr_line' id='line_1_31' title="bbox 197 3681 1044 3756; baseline 0.002 -20"><span class='ocrx_word' id='word_1_146' title='bbox 197 3682 339 3739; x_wconf 89' lang='lat' dir='ltr'><strong>Narratio</strong></span> <span class='ocrx_word' id='word_1_147' title='bbox 358 3681 395 3738; x_wconf 89' lang='lat' dir='ltr'><strong>de</strong></span> <span class='ocrx_word' id='word_1_148' title='bbox 408 3681 564 3754; x_wconf 85' lang='lat' dir='ltr'><strong>prophetis</strong></span> <span class='ocrx_word' id='word_1_149' title='bbox 579 3686 608 3736; x_wconf 88' lang='lat' dir='ltr'><strong>et</strong></span> <span class='ocrx_word' id='word_1_150' title='bbox 622 3686 727 3737; x_wconf 88' lang='lat' dir='ltr'><strong>sancto</strong></span> <span class='ocrx_word' id='word_1_151' title='bbox 741 3681 879 3738; x_wconf 88' lang='lat' dir='ltr'><strong>Johanne</strong></span> <span class='ocrx_word' id='word_1_152' title='bbox 896 3683 1044 3756; x_wconf 90' lang='lat' dir='ltr'><strong>Baptista.</strong></span> 
     </span>
     <span class='ocr_line' id='line_1_32' title="bbox 197 3777 884 3852; baseline 0.004 -19"><span class='ocrx_word' id='word_1_153' title='bbox 197 3778 243 3834; x_wconf 90' lang='lat' dir='ltr'><strong>De</strong></span> <span class='ocrx_word' id='word_1_154' title='bbox 261 3777 450 3836; x_wconf 88' lang='lat' dir='ltr'><strong>vestimentis</strong></span> <span class='ocrx_word' id='word_1_155' title='bbox 462 3777 559 3835; x_wconf 88' lang='lat' dir='ltr'><strong>sancti</strong></span> <span class='ocrx_word' id='word_1_156' title='bbox 577 3777 724 3834; x_wconf 89' lang='lat' dir='ltr'><strong>Johannis</strong></span> <span class='ocrx_word' id='word_1_157' title='bbox 738 3779 884 3852; x_wconf 89' lang='lat' dir='ltr'><strong>Baptiste.</strong></span> 
     </span>
     <span class='ocr_line' id='line_1_33' title="bbox 197 3875 529 3949; baseline 0.006 -19"><span class='ocrx_word' id='word_1_158' title='bbox 197 3875 243 3931; x_wconf 94' lang='lat' dir='ltr'><strong>De</strong></span> <span class='ocrx_word' id='word_1_159' title='bbox 261 3875 364 3948; x_wconf 87' lang='lat' dir='ltr'><strong>digitis</strong></span> <span class='ocrx_word' id='word_1_160' title='bbox 383 3875 529 3949; x_wconf 87' lang='lat' dir='ltr'><strong>ejusdem.</strong></span> 
     </span>
     <span class='ocr_line' id='line_1_34' title="bbox 197 3970 655 4050; baseline 0.007 -24"><span class='ocrx_word' id='word_1_161' title='bbox 197 3970 241 4027; x_wconf 89' lang='lat' dir='ltr'><strong>De</strong></span> <span class='ocrx_word' id='word_1_162' title='bbox 260 3971 378 4028; x_wconf 84' lang='lat' dir='ltr'><strong>ossibus</strong></span> <span class='ocrx_word' id='word_1_163' title='bbox 396 3972 555 4048; x_wconf 81' lang='lat' dir='ltr'><strong>symeonis</strong></span> <span class='ocrx_word' id='word_1_164' title='bbox 569 3971 655 4050; x_wconf 84' lang='lat' dir='ltr'><strong>justi.</strong></span> 
     </span>
    </p>
   </div>
   <div class='ocr_carea' id='block_1_5' title="bbox 0 0 1400 4792">
    <p class='ocr_par' dir='ltr' id='par_1_7' title="bbox 0 0 1400 4792">
     <span class='ocr_line' id='line_1_35' title="bbox 0 0 1400 4792; baseline 0 0"><span class='ocrx_word' id='word_1_165' title='bbox 0 0 1400 4792; x_wconf 95' lang='lat' dir='ltr'><strong> </strong></span> 
     </span>
    </p>
   </div>
  </div>
 </body>
</html>
