2790 4792
670 359 850 425 ..12-

243 502 478 590 inseparabilis
504 502 661 581 deitatis,
689 501 833 586 quedam
856 503 975 579 Pater,
994 502 1140 588 quedam
1163 505 1283 583 Filius,
1380 530 1382 532 ·

243 620 385 706 quedam
422 620 569 704 Spiritus
611 619 756 684 &nctus
789 619 926 703 proprio
955 620 1151 703 exequitur,
1169 626 1285 688 nostre

243 737 422 822 dispositio
436 735 692 820 redemptionis,
704 740 824 800 nostre
833 735 956 800 salutis
971 740 1025 802 est
1038 737 1144 801 ratio.

573 987 618 1032 DE
640 986 801 1034 snmus
824 986 949 1034 noum

201 1260 203 1263 .
287 1202 323 1266 Si
352 1220 433 1266 vero
464 1201 565 1265 bomo
591 1199 634 1264 ad
656 1200 849 1285 ymaginem
874 1206 908 1263 el
938 1199 1199 1267 similitudinem
1229 1204 1287 1269 Dei

244 1317 357 1383 iactus
380 1319 415 1381 in
437 1337 497 1380 sue
510 1319 633 1380 nature
651 1314 780 1379 honore
799 1317 997 1392 mansisset,
1023 1337 1086 1381 nec
1108 1317 1288 1402 dyabolica

244 1430 364 1496 frande
379 1430 537 1515 deceptus
551 1450 572 1494 a
591 1429 665 1514 lege
684 1427 749 1492 sibi
762 1430 875 1514 posita
893 1450 955 1515 per
970 1433 1287 1516 concupiscenciam

239 1546 429 1621 deviasset,
444 1565 507 1608 nec
519 1548 654 1609 creator
666 1541 783 1608 mnndi
797 1549 956 1610 creatura
969 1544 1067 1611 lieret
1082 1567 1194 1633 neque
1207 1570 1289 1614 sem·

245 1664 399 1749 piternus
411 1660 697 1745 temporalitatem
714 1658 854 1725 subiret.
871 1659 936 1724 Sed
957 1662 1036 1745 quia
1055 1661 1187 1727 invidia
1203 1664 1289 1750 dya-

199 1777 315 1844 toboli
334 1797 427 1865 mors
456 1777 609 1842 introivit
632 1777 668 1838 in
687 1774 802 1839 orbem
823 1779 1007 1852 terrarum,
1024 1781 1059 1842 et
1084 1777 1189 1844 aliter
1203 1779 1288 1845 solvi

245 1893 395 1958 bumana
413 1892 594 1977 captivitas
614 1910 681 1954 non
706 1891 829 1975 potnit,
851 1891 918 1954 nisi
944 1911 1081 1956 causam
1099 1892 1159 1958 ille
1180 1897 1289 1960 susci-

247 2016 354 2096 peret,
376 2009 529 2094 quisine
551 2007 742 2093 majestatis
764 2026 823 2070 sue
846 2004 992 2091 dampno
1011 2012 1046 2073 et
1061 2010 1289 2076 uerus'homo

247 2125 343 2191 lieret
363 2132 398 2191 et
416 2123 509 2188 solus
522 2123 652 2208 peccati
673 2121 867 2206 contagium
887 2141 955 2186 uon
972 2121 1126 2200 haberet,
1145 2125 1233 2209 ideo,
1252 2131 1290 2201 ut

248 2240 332 2307 dicit
341 2239 536 2326 Apostolus,
551 2239 646 2304 misit
661 2238 750 2302 Deus
762 2235 869 2300 lilium
885 2257 981 2301 suum
1001 2240 1038 2302 in
1051 2241 1169 2318 terris,
1190 2263 1289 2327 quom

247 2355 410 2443 prophete
439 2353 672 2419 desiderantes
700 2353 1014 2437 proclamantesque
1049 2354 1288 2438 predixerunt.

249 2471 345 2537 Unde
358 2473 495 2557 Moyses
514 2491 522 2535 ε
541 2469 699 2544 Obsecro,
724 2468 877 2544 Domine,
891 2469 990 2534 mitte
1004 2489 1100 2554 quem
1121 2471 1290 2538 missurus

249 2609 306 2668 es;
321 2589 446 2654 Ysaias
460 2609 468 2652 :
487 2587 539 2652 Ex
552 2586 642 2672 Syon
655 2586 745 2651 exiet
757 2584 813 2648 lex
823 2589 858 2650 et
871 2584 1010 2649 uerbum
1028 2586 1161 2650 Domini
1175 2587 1216 2651 de
1230 2589 1249 2652 J
1253 2610 1290 2652 e-

249 2703 414 2779 rusalem;
431 2703 532 2768 item:
550 2700 721 2768 Judicabit
731 2704 850 2786 gentes
864 2704 900 2765 et
916 2705 1037 2785 arguet
1052 2701 1193 2786 populos
1206 2703 1293 2768 mul·

250 2821 316 2893 tos,
331 2821 366 2882 et
379 2815 443 2882 hoc
458 2820 512 2881 est
527 2835 647 2881 nomen
668 2814 756 2901 quod
772 2815 939 2882 vocabunt
958 2836 1033 2879 eum
1055 2817 1219 2882 Dominus
1230 2820 1293 2905 ju-

202 2934 241 2998 20
252 2938 325 3000 stus
342 2937 475 3010 nostem
508 2932 609 2998 item:
635 2932 864 3018 Cognoscetur
890 2933 1050 2997 Dominus
1076 2932 1117 2998 ab
1132 2934 1290 3020 Egypto;
1343 2978 1345 2982 >

252 3049 354 3114 item:
379 3048 455 3134 Ipse
469 3049 582 3115 veniet
598 3053 632 3115 et
649 3047 783 3114 sanabit
799 3067 881 3125 nos;
903 3049 1005 3112 item:
1021 3047 1186 3115 videbunt
1205 3071 1293 3136 gen-

251 3169 304 3231 tes
332 3164 464 3250 justum
502 3168 597 3230 tuum
630 3168 665 3230 et
705 3164 819 3228 cuncti
850 3182 948 3248 reges
981 3163 1138 3229 inclitum
1164 3169 1291 3246 tuum;

251 3279 351 3346 item:
383 3279 531 3365 Populus
554 3280 610 3363 qni
634 3276 827 3344 ambulabat
849 3278 885 3342 in
905 3275 1055 3343 tenebris
1074 3276 1160 3343 vidit
1181 3277 1295 3346 lucem

252 3413 432 3480 magnam3
457 3392 691 3459 habitantibus
719 3393 754 3456 in
780 3392 918 3477 regione
943 3391 1060 3456 umbre
1086 3393 1207 3458 mortis
1234 3395 1297 3462 lux

253 3513 329 3577 orta
344 3489 404 3575 'est
427 3508 488 3572 eis.
512 3507 679 3572 Paruulus
701 3508 790 3572 enim
820 3512 920 3572 natus
945 3511 997 3572 est
1026 3507 1121 3573 nobis
1144 3513 1179 3574 et
1201 3509 1296 3577 filius

252 3623 352 3691 datus
363 3628 416 3689 est
434 3620 544 3687 nobis.
558 3620 744 3688 Vocabitur
758 3641 878 3687 nomen
891 3622 962 3707 ejus
975 3621 1197 3699 admirabilis,
1214 3645 1296 3691 con·

253 3738 403 3804 cilianus
422 3739 510 3804 Deus
521 3736 632 3814 fortis,
648 3743 746 3822 pater
760 3735 866 3803 futuri
881 3738 995 3813 seculi,
1014 3738 1168 3822 princeps
1184 3743 1293 3824 pacis,

255 3853 364 3919 Item:
381 3851 553 3920 Videbunt
567 3872 682 3918 omnes
699 3851 783 3917 fines
797 3856 889 3918 terre
911 3851 1060 3917 salutare
1088 3853 1148 3918 Dei
1167 3859 1293 3924 nostri.

256 3966 381 4034 David:
400 3961 678 4047 ostendendis,
698 3968 850 4046 Domine,
869 3967 1134 4034 misericordiam
1150 3974 1315 4042 tuamet·
